2640 4800
176 391 221 459 26
320 382 325 389 ’
441 393 473 459 J.
499 390 996 463 SCHWEIGHAEUSERI

173 531 414 616 portentosisque
426 533 622 612 lectionibus,
639 549 671 597 et
683 534 890 617 frequentibus
899 535 1065 619 prusertim
1078 535 1249 620 interpole-

173 636 305 699 tionibus
319 658 355 699 ex
370 637 492 702 scholiis
503 639 536 699 in
547 653 719 702 contextum
729 642 873 726 receptis,
886 656 1012 706 scatere.
1026 640 1247 705 Verumtamen

174 765 238 806 non
252 745 539 827 eolumtrequenter
559 750 723 811 admodum
737 770 806 812 cnm
821 749 1033 813 vetustioribus
1049 751 1201 813 codicibus
1216 752 1247 811 in

175 849 310 934 probatis
324 851 519 929 lectionibus,
545 874 620 934 quas
642 854 801 916 restituere
819 852 943 919 Senecoe
967 856 1141 928 debuimus,
1166 869 1248 919 recte

117 1022 122 1028 ,
175 954 225 1018 bic
238 957 320 1019 idem
332 958 599 1032 commonuerim
616 962 669 1021 sed
682 959 762 1039 baud
772 960 877 1044 paucis
892 962 985 1023 etiarn
998 962 1029 1023 in
1044 962 1134 1038 locis,
1151 962 1204 1023 ubi
1219 963 1251 1022 in

175 1062 249 1124 vitio
263 1062 375 1126 cubant
384 1064 577 1141 vetustiores,
592 1085 697 1129 veram
710 1065 891 1130 hauddubie
904 1080 935 1129 et
946 1067 1104 1150 genuinam
1118 1067 1250 1129 auctoris

176 1169 357 1252 scripturam
371 1169 511 1232 servarit.

218 1273 299 1339 Cum
319 1276 376 1339 isto
399 1290 504 1339 nostro
522 1279 583 1342 rod
604 1301 630 1340 c.
648 1281 827 1364 cognatione
848 1283 979 1362 quadm
997 1281 1146 1362 conjuncti
1162 1293 1249 1355 sunt,

177 1381 248 1443 licet
265 1381 396 1443 multum
413 1382 527 1465 passim
542 1397 573 1446 et
585 1384 625 1446 ab
639 1385 693 1446 illo
710 1399 741 1447 et
756 1386 834 1448 inter
848 1408 881 1448 se
898 1385 1120 1462 dissentientes,
1135 1397 1254 1468 quatuor

177 1486 224 1547 illi
239 1487 372 1548 Palatini
383 1501 413 1549 et
427 1509 503 1550 unus
522 1488 714 1566 δοΙοηίειιείε,
729 1511 806 1572 qnos
817 1491 913 1552 danus
937 1492 1092 1566 Gruterus,
1110 1511 1181 1552 rara
1195 1492 1254 1553 ad-

180 1594 304 1655 modum
316 1591 391 1672 (illis
404 1595 572 1677 praesertim
588 1595 789 1678 temporibus)
803 1596 975 1679 diligentia,
991 1617 1061 1659 cnm
1071 1593 1254 1658 Erasmiano

181 1698 321 1781 exemplo
335 1699 473 1770 eontulit;
491 1720 620 1780 quorum
630 1701 757 1781 quilibet
769 1722 876 1764 omnes
890 1699 1011 1764 Senecae
1021 1700 1176 1784 Epistulas
1185 1721 1256 1764 con-

181 1805 305 1868 tinebat.
319 1803 382 1886 Qui
403 1807 526 1887 quidem
549 1807 634 1869 sicuti
653 1807 761 1890 singoli
775 1821 806 1870 et
816 1821 902 1870 aetate
916 1821 947 1870 et
961 1808 1131 1891 praestantia
1149 1809 1259 1870 cedunt

182 1911 293 1973 nostris
308 1912 462 1975 codicibus
475 1935 505 1973 a.
524 1925 554 1975 et
567 1915 614 1990 l.,
626 1915 669 1977 sic
685 1936 721 1976 ex
742 1914 857 1977 eisdem
869 1914 1022 1991 nonnulli,
1039 1934 1075 1976 ac
1090 1916 1258 1997 praesertim

183 2019 336 2079 Palatinus
349 2020 506 2097 secundus,
528 2033 558 2081 et
574 2019 735 2102 posthunc
752 2020 944 2092 Coloniensis,
959 2034 1063 2083 nostro
1077 2042 1133 2082 ms.
1145 2043 1171 2081 c.
1189 2034 1257 2082 sunt

183 2126 417 2208 praestantiores.
430 2124 472 2187 At
486 2147 560 2189 vero
574 2127 683 2203 etiam,
699 2128 900 2204 econtrario,
921 2126 975 2189 ubi
991 2127 1022 2188 hi
1039 2128 1097 2211 ipsi
1114 2127 1254 2203 codices,

183 2254 259 2314 quos
279 2236 368 2296 modo
383 2233 520 2312 laudavi,
537 2235 675 2296 vitiosam
698 2234 812 2296 habent
833 2234 1030 2318 scripturam,
1055 2234 1098 2294 ibi
1116 2254 1257 2294 nonnun-

43 2323 50 2329 ’
86 2386 89 2392 «
184 2361 276 2419 quam
291 2340 322 2400 in
335 2342 469 2402 Palatino
482 2345 590 2423 prinis,
605 2345 701 2416 tertio,
717 2355 768 2402 aut
783 2353 898 2424 quarto,
923 2354 1041 2402 servato
1056 2353 1102 2402 est
1115 2361 1188 2401 vera
1206 2353 1259 2402 aut

184 2467 264 2507 verae
277 2447 416 2529 proxima
430 2447 577 2530 scriptura
588 2471 595 2519 ;
607 2449 689 2528 qnod
698 2449 728 2508 in
743 2448 911 2531 posteriore
922 2446 1088 2528 praesertim
1098 2441 1258 2528 Epistola-

184 2573 254 2612 rum
273 2565 359 2634 parte
379 2552 504 2616 subinde
518 2552 695 2616 observasse
715 2554 791 2615 mihi
804 2554 918 2615 videor.
935 2549 1039 2631 ltaque
1055 2552 1087 2612 in
1103 2550 1258 2613 codicibus

73 2724 79 2730 ,
183 2656 265 2730 istis,
293 2679 369 2740 quos
391 2659 439 2721 vei
460 2679 517 2720 nos
539 2658 596 2741 ipsi
617 2660 816 2736 excussimus,
842 2658 891 2721 vel
905 2679 922 2719 e
937 2656 1045 2738 quibus
1064 2669 1220 2739 excerptas
1239 2677 1259 2718 a

69 2769 72 2778 '
184 2766 258 2828 viris
278 2765 374 2828 doctis
393 2765 539 2829 lectiones
560 2767 592 2826 in
610 2766 750 2829 manibus
767 2765 934 2840 habemus,
956 2764 1037 2825 idem
1059 2762 1122 2824 fere
1141 2762 1260 2825 obtinet

184 2874 266 2953 quod
287 2873 323 2934 de
342 2872 458 2935 duobus
473 2873 541 2935 aliis
555 2872 723 2946 Codicibus,
735 2894 774 2932 eo
788 2872 943 2932 Briturmio
954 2869 1030 2930 olim
1039 2868 1170 2951 acceptis
1180 2869 1258 2929 Era·

185 3002 267 3041 smus
280 2980 392 3042 alicubi
407 2981 590 3042 memoravit
599 2992 618 3040 ¹.

232 3087 320 3169 Typis
329 3087 429 3146 excusi
435 3087 517 3161 libri,
533 3085 649 3167 quasin
660 3084 865 3147 constituenda
876 3083 973 3145 nostri
984 3081 1114 3164 exempli
1128 3079 1259 3143 lectione

185 3193 227 3257 ad
238 3212 346 3254 manus
357 3190 531 3268 babuimus,
544 3212 581 3254 ac
594 3191 706 3274 partim
716 3203 899 3266 constanter,
912 3189 1023 3274 partim
1035 3207 1107 3250 vero
1119 3187 1260 3249 indubiis

221 3400 374 3456 ¹Erasmus
388 3403 417 3456 in
432 3402 592 3477 praefatione,
610 3402 687 3476 priori
707 3421 759 3456 suae
775 3400 884 3454 editioni
905 3402 1019 3474 Operum
1036 3398 1141 3452 senece
1160 3399 1256 3466 (qnam

187 3485 289 3556 quidem
302 3487 394 3540 deinde
407 3507 452 3560 pro
464 3507 509 3539 sna
522 3486 611 3539 baberi
623 3487 723 3554 noluit)
736 3485 872 3560 praemissu,
887 3497 1018 3558 postquam
1030 3494 1168 3551 utrimque
1178 3501 1216 3534 ex
1227 3484 1260 3534 il-

186 3575 222 3624 iir
234 3569 396 3626 Britannicis
407 3574 535 3625 codicibus
550 3574 738 3626 „numitorem
752 3574 869 3642 ungatis
882 3566 1170 3638 excamiarebussuisse
1183 3565 1258 3618 dhe·

187 3667 226 3707 rat
239 3657 336 3712 :Illud
343 3667 432 3709 tamen
441 3658 556 3729 profuit,
570 3655 669 3727 inquit,
682 3658 754 3725 quad
762 3675 813 3709 non
824 3654 1016 3708 consentiebas!
1024 3661 1121 3705 errata.
1132 3650 1258 3710 Proinde,
1283 3670 1285 3674 ⁸

187 3744 409 3812 quemadmodum
421 3744 616 3815 aliquotiesfit,
632 3753 662 3795 ut
669 3746 768 3811 persius
779 3751 806 3794 et
814 3747 930 3792 attentas
938 3741 1023 3802 iudex
1034 3757 1048 3790 e
1064 3739 1207 3789 multorum
1224 3746 1261 3787 te·

187 3830 268 3880 stium
278 3832 411 3893 oratione,
425 3840 537 3897 qaorum
549 3849 624 3882 nemo
635 3838 721 3880 tamen
731 3845 823 3880 uerum
836 3827 907 3877 dicut
918 3865 926 3892 ,
940 3844 995 3877 rem
1005 3826 1124 3890 colligat,
1138 3825 1177 3874 ita
1187 3836 1236 3874 nos
1247 3841 1262 3874 e

188 3913 298 3964 diversis
307 3913 410 3963 mendis
422 3932 515 3964 veram
526 3915 678 3977 conjecimus
688 3913 829 3964 lectionem.
841 3907 934 3962 Causas
946 3928 1021 3973 vero,
1035 3928 1080 3961 cur
1091 3926 1140 3980 prae
1150 3906 1206 3960 aliis
1218 3926 1260 3959 ve-

188 4009 270 4049 terum
284 4007 413 4049 auctorum
425 3996 521 4067 scriptis
536 3997 637 4051 Serrecoe
648 3996 802 4070 potissimum
815 4014 909 4069 opera,
921 4008 947 4047 et
958 3995 985 4047 in
995 3993 1033 4045 bis
1045 3991 1180 4066 presertim
1194 3991 1261 4059 Ept-

189 4081 276 4147 crota,
288 4078 429 4153 prodigiose
440 4095 555 4155 corrupta
567 4083 594 4134 in
608 4080 688 4134 msstis
700 4079 770 4133 libris
784 4082 815 4133 ad
834 4100 880 4132 nos
896 4078 1067 4153 pervenerint,
1084 4075 1260 4150 percommode

188 4163 256 4216 idem
269 4163 400 4219 Erasmus
409 4164 521 4240 exposuit
527 4165 555 4220 in
562 4167 674 4240 Epistola
682 4164 894 4234 Nuncupatoria,
904 4164 1023 4219 secundm
1031 4161 1143 4216 Editioni
1151 4159 1261 4234 praefixe,

191 4265 339 4324 ees-ms·
