2648 4792
454 384 757 454 PRAEFATIO.
1108 411 1148 456 ar

80 524 116 586 Α.
132 523 239 588 Gellio
260 527 379 609 prolata
394 548 456 589 uon
476 527 613 595 debuisse
631 529 662 589 iu
680 527 781 609 aliqua
804 546 909 589 earum
923 524 1151 611 Epistolarum,

80 653 142 712 que
152 630 246 694 bodie
262 647 441 715 supersunt,
456 634 569 716 quaeri;
587 634 732 696 exstitisse
747 646 849 696 autem
863 632 959 696 Gellii
970 648 1056 698 aetatc
1071 656 1155 718 prce·
1278 678 1281 684 «

80 749 125 798 ter
143 735 231 813 illas,
254 750 368 822 etpost
390 738 459 801 illas
472 754 582 814 cxxttt,
602 761 668 820 quse
688 741 726 801 ad
740 760 797 801 nos
816 742 1032 823 pervenerunt,
1051 740 1155 824 plures

81 841 177 906 adbuc
193 843 287 920 alias,
302 865 368 925 qoae
381 858 502 907 aetatem
514 865 578 908 nou
592 845 730 908 tulerunt.

24 1018 27 1027 ,
118 945 171 1010 Aa
184 949 399 1013 vetusu‘ssimas
417 952 489 1015 istas
509 950 703 1015 membranae
719 953 791 1032 Arg.
805 959 833 1013 d.
850 965 880 1017 ct
896 965 982 1014 aetate
993 965 1025 1015 et
1039 949 1156 1034 reliqua

82 1055 252 1138 praestantia
262 1056 400 1138 proxime
411 1059 555 1122 accedere
565 1058 625 1121 itte
633 1058 782 1137 ridentur,
791 1058 930 1141 quashac
939 1058 1156 1142 designatione,

82 1163 180 1242 Ampl.
207 1162 258 1225 vel
281 1184 337 1225 ms.
360 1164 458 1248 Ampl.
481 1165 630 1248 insigniri.
651 1164 773 1250 Nempe
794 1166 1018 1248 Amplonsirnum
1034 1167 1158 1226 codicem

83 1268 168 1350 (quia
185 1269 217 1329 in
230 1267 437 1353 Amploniano
450 1272 579 1357 collegio
593 1271 745 1336 Eriordise
758 1271 941 1352 asservatur)
951 1270 1160 1338 nominarent

81 1373 156 1436 clar.
174 1375 330 1449 Martiam
348 1375 400 1457 qui
418 1399 511 1459 quum
525 1392 622 1441 totum
636 1400 706 1442 curn
719 1377 886 1461 exemplari
896 1373 1064 1461 Bipontiuo
1081 1395 1158 1438 con-

82 1479 216 1558 tulisset,
240 1481 362 1562 ejusque
378 1484 476 1546 varias
489 1480 650 1548 Lectiones
665 1506 735 1548 curn
747 1481 920 1566 liubbopfio
933 1482 1161 1546 communicas-

81 1599 146 1663 set,
161 1584 237 1649 mihi
249 1606 387 1668 quoque,
402 1589 576 1671 speciminis
585 1590 671 1667 loco,
683 1590 828 1652 &cutm
841 1611 879 1650 en
894 1599 1013 1671 quanm
1017 1588 1158 1668 prioribus

81 1691 218 1774 Epsitob's
236 1703 388 1774 excerptos
411 1692 492 1755 ultro
512 1694 687 1777 impertivit.
707 1693 832 1757 Pluraa
848 1691 928 1755 Viro
941 1691 1159 1755 humanissimo

82 1817 193 1881 rogare
206 1799 307 1880 pudor
319 1819 371 1859 me
384 1799 490 1872 vetuit,
512 1800 649 1881 quamvis
661 1799 733 1863 talia
749 1811 850 1863 essent
866 1797 1048 1882 specimina,
1064 1805 1097 1858 ut
1114 1796 1160 1857 in-

82 1903 230 1966 credibile
256 1903 446 1985 reliquorum
468 1906 605 1969 omnium
628 1906 812 1970 desiderium
835 1904 996 1969 debuerint
1018 1902 1158 1977 adferre,

83 2032 178 2092 quum
193 2013 362 2095 presertim
384 2026 429 2073 ut
448 2015 556 2095 prs'oms
579 2012 714 2095 Epistoloe
731 2011 786 2073 illo
806 2011 912 2074 codice
937 2009 1159 2083 contineantur,

82 2136 213 2197 quarum
226 2117 318 2201 louge
330 2117 461 2200 plurima
472 2136 544 2200 pars
557 2117 589 2178 in
601 2117 804 2180 vetustissimo
813 2127 917 2186 nostro
928 2113 1140 2176 desideratum.

124 2221 269 2304 Sequitur
288 2224 384 2286 Codex
405 2237 502 2287 noster
522 2226 593 2304 Arg.
612 2226 641 2285 d.
666 2221 917 2286 membranaceus
937 2232 968 2282 et
985 2220 1066 2303 ipsc,
1081 2216 1162 2280 loliis

85 2341 228 2392 conanus
238 2342 358 2392 centnm
368 2330 564 2414 qnadraginta
575 2327 756 2408 sex,sorrnae
766 2329 917 2412 quadratae
925 2324 1016 2410 paulo
1024 2323 1160 2386 minoris.

85 2431 255 2496 buculeuta
266 2435 432 2519 scriptura,
445 2437 485 2497 ad
496 2432 661 2500 Gothicam
678 2435 801 2517 quidem
815 2455 880 2516 quse
891 2443 1038 2506 vocatur,
1053 2429 1162 2493 leviter
1175 2510 1181 2517 .

88 2539 253 2618 inclinans,
263 2541 406 2605 saecolum
417 2541 519 2624 prodit
525 2541 737 2619 tmdecimum,
750 2541 800 2604 rel
811 2539 1032 2603 duodecimum.
1042 2534 1162 2599 Probus

88 2649 182 2711 codex
192 2648 299 2731 ,quiet
305 2647 370 2731 ipse
377 2647 543 2732 plurimum
550 2646 640 2710 nobis
649 2649 688 2709 ad
695 2648 915 2710 emendandam
928 2637 1161 2730 vulgatamaute

87 2775 144 2818 noa
157 2755 339 2838 scripturam
355 2753 499 2829 contulit,
511 2751 666 2836 Epistolas
676 2753 749 2815 olim
763 2752 881 2817 videtur
892 2765 1053 2827 tttxxvnt,
1072 2771 1163 2813 cont-

86 2862 305 2948 prehendisse:
320 2863 389 2939 sed,
405 2861 651 2942 quaternionibus
661 2861 776 2941 aliquot
784 2861 848 2944 jam
857 2860 977 2943 pridem
987 2856 1161 2942 deperditis,

87 2969 198 3030 desinit
211 2967 303 3031 ltodie
326 2968 358 3028 iu
380 2966 481 3028 verbis
504 2966 579 3044 illis,
595 2967 629 3028 ln
645 2969 816 3027 contrarium
831 2977 924 3027 auum
944 2965 1009 3024 buz'c
1030 2961 1162 3044 affictum

87 3097 202 3135 ummo
224 3074 378 3156 infelicitas
397 3085 495 3153 urge&
517 3095 583 3156 qum
605 3073 745 3156 leguntur
765 3073 796 3134 in
819 3069 917 3155 Epist.
933 3085 1049 3146 mxl,
1072 3065 1090 3151 ξ
1111 3089 1161 3128 ao.

88 3178 150 3243 Sed
167 3201 207 3243 uc
225 3180 256 3240 iu
270 3179 371 3242 medio
387 3178 510 3262 quidem
525 3198 738 3262 usquequaque
756 3179 873 3263 integer
889 3190 935 3239 est
947 3199 954 3235 ε
967 3196 1056 3248 nam,
1068 3192 1163 3255 quum

88 3287 302 3369 quaterniones
323 3285 426 3369 viginti
451 3286 526 3348 olim
547 3286 723 3370 complexus
739 3299 837 3364 esset,
856 3305 911 3348 suo
935 3301 1085 3363 quemque
1104 3299 1165 3342 nn-

88 3415 177 3457 mero
197 3394 349 3478 signatum
366 3433 376 3467 ,
393 3395 501 3455 desunt
519 3413 556 3454 ex
576 3392 620 3455 cit
636 3390 726 3456 bodie
751 3394 830 3466 dno,
855 3388 1031 3452 undecimus
1044 3401 1076 3450 et
1091 3390 1166 3450 duo-

88 3501 242 3572 decimus,
266 3498 397 3579 foliaque
420 3499 495 3559 adeo
514 3498 647 3560 sedecim
660 3497 890 3567 interciderunt,
909 3492 1017 3574 quibus
1030 3493 1165 3556 contine-

88 3604 180 3667 batur
203 3604 347 3689 quidquid
369 3604 399 3664 iu
424 3601 576 3666 codicibus
601 3601 724 3686 integris
741 3616 772 3663 et
795 3601 826 3662 in
846 3598 1000 3683 impressis
1020 3597 1165 3682 exemplis

88 3714 167 3774 inter
193 3711 285 3773 rerba
309 3709 387 3787 illa,
420 3732 476 3772 non
491 3709 572 3790 sarit
598 3711 719 3771 nobilem
735 3705 854 3791 (Epist
876 3706 994 3783 xttv),
1021 3703 1040 3789 §
1066 3705 1112 3781 4,
1136 3717 1167 3767 et

90 3822 164 3891 ista,
179 3821 279 3879 statem
299 3819 357 3878 illis
379 3826 406 3876 ct
426 3818 542 3899 inquiet
555 3816 673 3876 leudam
691 3816 805 3875 licuisse
821 3810 941 3897 (Epist.
962 3829 1026 3888 ttt,
1045 3811 1064 3898 ξ
1084 3813 1164 3890 ιο),

123 4008 186 4060 'De
198 4006 244 4060 illo
260 4008 351 4059 Codice
366 4006 545 4071 Amploninno
564 4003 635 4078 plura
649 4003 719 4075 legat
732 4002 759 4056 in
777 4001 918 4078 Ruhbopfii
933 4002 1010 4058 Praet,
1026 4000 1059 4055 acl
1074 4000 1165 4056 Seuer.

90 4089 148 4145 vot.
161 4092 191 4154 l,
204 4103 230 4142 et
239 4088 267 4141 in
280 4087 395 4142 Matthias
406 4087 596 4160 programmate
608 4087 658 4158 jam
669 4087 759 4162 sepius
771 4088 887 4155 laudato,
900 4110 925 4162 p.
936 4087 994 4154 4-6.
1008 4087 1074 4140 lllud
1086 4105 1166 4139 unum

88 4174 132 4228 bic
144 4173 271 4239 monebo,
286 4173 414 4227 diversum
429 4190 480 4224 esse
495 4171 563 4225 bunc
578 4172 691 4226 codicem
707 4172 739 4225 ab
756 4193 786 4227 eo
802 4175 887 4229 codt'cc
904 4171 1084 4246 Ecsordiensi,
1096 4167 1166 4240 cujus

88 4254 252 4311 lectionibus
262 4253 408 4309 Gronovius
421 4273 479 4308 usus
492 4264 554 4306 erat.
