2648 4792
488 386 781 461 nonnemo.
1136 397 1181 489 ³9

100 529 176 591 ritas
195 540 323 614 prorsus
341 529 578 608 desiderabatur,
600 532 753 616 vulgatam
772 532 952 615 scripturam
968 536 1107 615 ampeuu,
1128 549 1180 599 aut

100 657 138 698 er
152 638 265 700 eodem
276 656 391 720 genere
403 637 498 705 uliam
509 638 541 698 in
558 638 626 699 aliis
640 638 769 714 verbio,
783 639 875 701 uum.
900 635 972 720 Quo
987 639 1019 700 iu
1037 641 1178 707 universo

98 760 230 826 genere,
255 745 294 807 ud
317 742 482 807 ruborem
501 756 583 806 recte
599 743 827 807 scribendorum
844 745 995 808 rationem
1007 760 1176 831 spectante,
1211 747 1216 757 “

100 848 127 909 si
140 869 202 930 qu
213 850 324 914 chaisi
337 871 402 932 qaue
416 851 517 912 minus
528 850 698 933 placuerint
711 852 827 913 erudito
838 848 978 928 Lectori,
990 866 1043 915 cut
1051 853 1178 935 si'quem

101 956 229 1019 ommno
241 974 312 1017 mea
325 957 358 1016 in
369 957 429 1019 hoc
447 977 559 1040 genere
573 956 733 1020 offenderit
750 957 964 1032 inconstamia3
979 959 1072 1021 ctiam
1089 973 1178 1042 atque

102 1062 195 1123 etiam
219 1063 359 1142 equidem
382 1063 492 1139 velim,
513 1077 546 1126 ut
568 1063 601 1124 iu
623 1077 686 1126 tota
706 1063 764 1125 hac
784 1083 895 1148 opera,
916 1086 1007 1147 quam
1023 1066 1178 1130 commodi

101 1167 217 1250 publici
237 1168 335 1230 studio
357 1165 481 1231 Senecae
504 1170 628 1246 navari,
652 1169 726 1231 nihil
750 1171 913 1232 admodum
940 1172 1061 1254 grunitu
1085 1193 1104 1234 a
1125 1193 1177 1239 ms

100 1288 260 1357 peccatum
282 1275 551 1358 deprehendatur².
565 1273 679 1360 Scripsi
693 1276 903 1360 Argentorati,
919 1298 1023 1340 meuse
1039 1277 1176 1363 Augusto

99 1400 180 1443 {0110
198 1397 348 1442 unccclx.

142 1488 203 1548 Hic
215 1509 311 1568 pauca
330 1489 511 1569 subjiciemus
530 1489 566 1549 de
582 1490 651 1550 libri
662 1491 741 1550 titula
749 1533 760 1564 ,
780 1508 842 1571 pua
855 1488 885 1549 J.
907 1491 1177 1568 Sclsmeiplsuuscrus

99 1596 209 1654 notauit
223 1594 265 1655 od
274 1594 468 1674 Epistularum
482 1580 604 1654 initium.

140 1697 280 1761 Titulum
295 1697 367 1760 libri
384 1699 512 1760 lecimus
527 1699 564 1759 L.
580 1700 690 1760 Aunoei
701 1700 817 1760 Senecae
834 1701 876 1761 od
884 1700 1023 1762 Lucilium
1042 1702 1177 1782 Epistola

100 1807 251 1878 Morales,
273 1808 407 1889 adjecto,
425 1807 506 1886 quod
523 1805 611 1889 vulgo
635 1805 756 1882 aberat,
779 1821 935 1888 postremo
953 1807 1110 1871 vocabulo.
1129 1807 1176 1871 lta

100 1911 182 1972 cuim
195 1932 256 1973 uon
269 1911 368 1972 solum
379 1910 419 1972 A.
433 1908 569 1988 Gellius,
583 1911 673 1976 Noct.
689 1910 751 1974 Ati.
765 1911 850 1985 ΧΠ,
868 1936 907 1990 a,
921 1914 992 1975 citat
1001 1914 1092 1976 hasce
1101 1911 1177 1996 Epi·

98 2018 215 2090 stolas;
239 2018 290 2100 qui
305 2019 428 2100 quidem
450 2020 529 2100 quod
551 2040 586 2080 ex
603 2020 673 2080 libru
687 2020 820 2079 uicesimo
838 2021 961 2081 secundo
983 2020 1176 2101 Epistularum

97 2125 276 2200 Moralium,
299 2147 370 2206 quus
389 2125 430 2184 ad
445 2124 590 2185 Lucilium
616 2125 747 2187 Annaeus
769 2126 877 2184 Seneca
892 2128 1065 2205 composuit,
1087 2125 1176 2207 plura

97 2233 238 2313 quiedam
256 2230 347 2293 verba
364 2229 499 2314 profert,
516 2252 582 2311 quoe
603 2229 635 2290 in
647 2229 731 2291 nulla
754 2250 791 2290 cx
812 2229 856 2291 eis
874 2228 1022 2314 Epistolis
1036 2230 1176 2315 leguntur

98 2360 164 2420 quse
178 2339 218 2400 ad
234 2357 291 2399 nos
307 2349 531 2420 pervenerunt,
549 2357 584 2398 ca
599 2339 636 2398 dc
651 2357 686 2399 rc
702 2338 732 2398 in
748 2334 925 2399 Praeiatione
943 2336 1094 2410 diximus,
1119 2337 1173 2399 ubi

97 2447 137 2506 de
149 2443 351 2505 vetustissimo
362 2442 720 2527 codiccArgeutoratcnsi
729 2444 945 2527 disputavimus
959 2467 966 2504 ι
979 2464 1085 2507 rerum
1095 2445 1172 2527 ejus-

98 2551 168 2610 dcm
195 2547 272 2609 tituli
293 2549 460 2610 clarissima
483 2549 654 2612 etiamnunc
675 2549 800 2632 vestigia
825 2551 963 2631 quaedam
985 2548 1016 2610 in
1039 2552 1169 2625 podem,

99 2678 192 2738 quem
208 2658 302 2717 modo
314 2655 574 2732 commemoravi,
588 2649 781 2720 codice‘msto
796 2670 972 2740 supersunt;
988 2657 1019 2717 iu
1031 2678 1091 2739 quo
1101 2671 1172 2740 post

98 2783 168 2823 cam
183 2758 358 2844 Epistulam
377 2784 443 2842 quae
457 2761 548 2844 vulgo
567 2779 651 2838 xcv,
666 2775 863 2839 numeratur,
877 2762 940 2825 huc
958 2761 1114 2845 leguntur:
1132 2761 1169 2826 L.

95 2868 208 2929 Anaua·
223 2870 339 2930 Seneca
359 2868 400 2928 ad
414 2868 555 2929 Lucilium
573 2869 645 2929 liber
662 2868 721 2931 XV
732 2869 926 2950 Epistularum
941 2871 1089 2931 mamlium
1111 2892 1169 2932 eu-

92 2975 177 3054 plicit
191 2998 201 3034 .·
214 2995 376 3055 rursusque
388 2988 457 3057 post
475 2971 574 3057 Epist.
590 2990 660 3047 clx,
675 2975 709 3035 L
726 2975 837 3037 Arnai
847 2977 961 3037 Senecoe
979 2978 1020 3036 ad
1030 2977 1170 3038 insciliam

96 3079 291 3161 Epistularum
310 3082 457 3141 moralium
477 3083 549 3142 liber
573 3080 632 3142 XV
628 3081 684 3141 ΠΙ
704 3084 829 3163 euplicil.
844 3080 892 3142 Ex
922 3084 1029 3144 codem
1059 3080 1167 3156 tilulo,

95 3185 179 3249 hisce
195 3183 343 3268 Epistolis
358 3185 433 3246 olim
448 3186 613 3269 inscripto,
628 3187 762 3248 manavit
782 3166 906 3269 id'quod
923 3189 955 3248 in
968 3187 1168 3250 vetustissima

96 3295 145 3355 ed.
159 3291 254 3353 Rom.
266 3306 334 3375 post
344 3293 461 3375 spurias
476 3292 544 3354 illas
560 3292 702 3376 epistolas
716 3316 782 3374 quae
798 3292 895 3356 Paulo
908 3291 1056 3377 Apostolo
1072 3306 1103 3355 et
1113 3290 1168 3357 Se-

95 3420 179 3462 uccae
195 3399 383 3476 tribuuntur,
397 3398 445 3461 his
458 3399 559 3462 verbis
572 3398 683 3482 legitur
695 3422 703 3458 c
714 3401 747 3462 ln
764 3401 812 3462 illo
823 3403 949 3482 sequenti
961 3399 1065 3461 Codice
1078 3403 1168 3462 conti·

94 3519 202 3567 nentur
214 3508 338 3586 epistulae
352 3508 498 3566 moralium
516 3529 606 3568 murm
617 3528 687 3588 quus
699 3507 854 3587 composuit
868 3507 915 3568 uir
927 3507 1168 3588 eloquentissimus
1261 3564 1263 3568 ,

130 3705 138 3734 ¹
151 3701 212 3763 Sic,
224 3713 253 3753 ut
264 3702 312 3754 hoc
323 3713 377 3753 utar
389 3739 396 3765 ,
408 3700 472 3754 ,licet
488 3706 616 3772 inpedire,
636 3706 770 3771 inponere,
783 3714 808 3754 et
823 3703 914 3755 similia
932 3716 1074 3757 constanter
1093 3724 1137 3777 prr
1150 3723 1167 3754 n

96 3786 187 3839 scribat
199 3787 278 3838 codex
289 3799 388 3850 noster,
406 3782 493 3839 tamen
508 3791 637 3856 imperare
653 3787 748 3856 ubique
759 3806 805 3855 per
821 3807 848 3838 m
859 3787 959 3860 scripsi,
972 3788 1063 3842 eodem
1080 3789 1167 3842 codice

96 3880 233 3939 praeunte.

52 4000 56 4008 .
127 3954 205 4005 'Nos
216 3965 301 4006 sutem
310 3952 352 4007 hic
365 3952 514 4026 descnptam
528 3952 734 4026 orthographiam
745 3972 842 4008 servaro
853 3975 905 4008 nou
920 3956 973 4008 ausi
985 3966 1165 4022 sumuaulpote

96 4055 210 4095 anostra
226 4043 408 4096 cousuetudine
422 4058 523 4129 prorsus
535 4043 662 4106 alienam,
679 4054 703 4094 el
719 4043 825 4098 minime
848 4045 1045 4098 consentientem
1054 4064 1118 4105 ‚cum
1136 4063 1164 4096 ea

95 4152 171 4200 quam
183 4133 309 4207 prioribus
317 4133 377 4187 roll.
389 4133 469 4189 secuti
479 4153 571 4187 sumus.
585 4133 651 4187 Nou.
660 4133 713 4187 Ed.
