2648 4792
177 393 220 457 33
426 384 455 450 J.
484 382 980 455 SCHWEIGHAEUSERI

173 528 232 600 let,
245 538 415 589 constanter
428 523 493 585 sere
510 524 552 585 ibi
562 524 652 586 etiem
664 536 780 603 tenent,
797 526 849 588 nbi
864 529 953 612 rolgo
963 554 983 592 n
997 531 1097 594 litters
1112 555 1182 598 cum
1197 558 1252 600 se.

173 636 277 718 quenti
293 653 424 696 consona
447 631 649 712 colliquescit,
675 644 727 694 sos
747 627 800 695 obi
821 658 850 696 ω
867 639 1027 721 proprium
1043 661 1132 703 sunm
1147 642 1252 707 locmn

175 762 323 824 occupare
334 739 420 801 solet.
431 735 526 821 Igitur
535 741 680 799 contem
689 739 807 816 scribit,
821 754 851 803 et
860 745 1058 821 corboran,
1074 769 1251 829 conparere,

174 852 326 930 conplecti,
343 867 511 926 conponere,
523 857 554 906 et
568 844 615 906 his
629 845 741 908 similia
755 871 762 906 :
778 847 810 909 in
822 869 880 930 qua
894 851 1016 932 quidem
1031 852 1184 917 scribendi
1197 875 1254 917 ra.

174 957 255 1018 tione
269 955 373 1016 itidem
388 951 472 1033 sequi
484 951 595 1014 codicis
609 951 694 1035 hujus
710 953 934 1026 anctoritatem,
948 959 996 1019 cui
1009 958 1083 1020 item
1093 959 1172 1022 alios
1183 983 1254 1045 pas-

175 1063 233 1124 sim
249 1059 409 1143 sollrsgsri
422 1059 562 1121 videbam
574 1073 594 1132 ¹,
617 1078 678 1120 non
697 1059 840 1123 dubitavi.
853 1061 953 1145 Atque
971 1065 1063 1127 ctiam
1079 1080 1254 1130 constanter

173 1171 315 1233 cumdem
330 1167 441 1248 ubique
450 1180 604 1229 secuturus
618 1187 704 1229 eram
716 1169 866 1230 rationem
879 1193 886 1228 :
897 1173 951 1232 sed
959 1191 1052 1252 quum
1064 1172 1190 1237 subinde
1199 1152 1255 1237 vass

174 1277 329 1338 cillantem
344 1275 444 1358 ipsum
458 1274 642 1356 precipuum
659 1287 796 1336 nostrum
810 1277 965 1354 codicem,
984 1298 1020 1340 oc
1031 1299 1068 1340 ne
1079 1279 1112 1341 in
1127 1280 1176 1342 his
1188 1281 1255 1362 qui-

176 1386 247 1446 dem
257 1382 328 1445 satis
343 1403 465 1464 semper
478 1380 536 1443 sibi
550 1387 735 1443 conclamem
745 1382 1010 1465 deprehendissem
1016 1397 1040 1462 ⁸,
1057 1408 1210 1470 quumque
1221 1390 1254 1451 in

177 1492 293 1572 majore
310 1502 395 1573 psrtc
410 1488 518 1549 hurum
533 1483 740 1569 Epistularum
761 1489 881 1550 nonnisi
897 1491 935 1551 iis
951 1491 1105 1554 codicibus
1121 1493 1164 1554 uti
1178 1492 1256 1554 milti

177 1595 309 1672 licuerit,
325 1595 357 1655 in
370 1593 478 1675 quibus
492 1594 670 1676 plerumque
685 1595 723 1654 ed
735 1594 866 1678 vulgaris
876 1597 973 1657 moris
986 1617 1127 1659 normam
1139 1612 1256 1661 mutato

177 1716 262 1764 vetus
275 1701 424 1785 scripturn
439 1714 499 1776 est,
516 1701 594 1761 hund
607 1719 678 1760 raro
695 1700 760 1783 ipsc
778 1701 909 1764 incertus
923 1701 1013 1764 baesi:
1033 1704 1163 1785 denique
1179 1725 1257 1768 vero

178 1810 221 1872 sic
235 1809 341 1886 statui,
358 1829 395 1870 ne
412 1823 489 1890 opus
506 1806 628 1887 quidem
642 1829 723 1885 esse,
739 1823 772 1870 ut
787 1808 820 1868 in
836 1809 896 1871 hoc
909 1830 1042 1892 genere,
1057 1812 1088 1870 in
1107 1830 1169 1892 quo
1183 1831 1256 1874 sane

135 1900 137 1906 '
178 1916 291 1996 ubsque
308 1935 420 1998 magno
433 1915 626 1977 incommodo
640 1916 721 1979 idern
732 1915 823 1976 etiarn
835 1916 965 1998 scriptor
976 1936 994 1976 a
1006 1936 1038 1978 se
1050 1916 1116 1999 ipsc
1128 1917 1258 1980 subinde

179 2022 336 2084 dissentire
356 2035 473 2105 potest,
500 2043 617 2084 summa
643 2021 753 2102 ubique
780 2021 945 2082 constantis
969 2035 1114 2083 teneatur.
1138 2020 1259 2086 Similis

178 2128 257 2190 retio
273 2140 318 2191 est
330 2129 494 2190 verborum
510 2149 546 2190 es
559 2130 589 2188 in
605 2127 865 2219 compositorum:
884 2125 915 2186 in
929 2126 1037 2206 quibos
1053 2149 1123 2189 cum
1147 2130 1258 2192 eodem

179 2251 283 2298 nostro
298 2239 364 2299 cod.
378 2258 406 2296 n.
422 2236 482 2316 (cui
498 2256 601 2296 rursus
615 2235 646 2294 in
658 2235 718 2295 hoc
732 2253 843 2317 genere
864 2233 1038 2314 frequenter
1056 2235 1262 2320 suffragantes

181 2344 257 2404 alios
272 2341 477 2425 deprehendi)
490 2340 622 2401 litteram
638 2365 679 2413 n,
700 2361 766 2419 quse
786 2359 822 2401 cx
838 2338 958 2421 vulgata
975 2340 1126 2403 scribendi
1138 2342 1261 2405 ratione

182 2463 232 2510 aut
246 2450 277 2509 in
292 2448 430 2531 proxime
440 2459 614 2527 sequentem
625 2466 790 2507 consonam
803 2460 855 2507 aut
867 2447 899 2507 in
909 2469 938 2506 m
949 2460 1092 2525 mutetur,
1105 2448 1260 2512 illibatam

183 2555 358 2639 plerumque
374 2535 490 2632 reliqui.
502 2551 606 2632 ltaque
623 2554 769 2613 inbecillus
783 2554 906 2635 scripsi,
926 2567 956 2613 et
968 2555 1104 2633 inligare,
1116 2557 1260 2632 inlinere,

183 2662 374 2735 inlaboratus,
391 2659 550 2730 inmenens,
567 2659 710 2735 inmerito,
728 2660 871 2739 inpedire,
888 2660 1021 2740 inpetus,
1039 2663 1187 2742 t'rtponere,
1207 2667 1260 2724 in-

179 2792 269 2851 pune,
289 2768 489 2841 inmtionolis,
512 2769 644 2841 sisn'tme,
665 2767 783 2840 inritus,
810 2777 839 2827 et
856 2766 888 2826 id
906 2786 1000 2849 genus
1024 2765 1085 2828 alia
1104 2791 1112 2829 z
1131 2766 1260 2831 subinde

182 2895 255 2937 vero
270 2874 377 2950 etiem,
395 2873 503 2936 eodem
517 2884 618 2932 vetere
631 2869 734 2933 codice
756 2884 925 2955 praeeunte,
938 2885 990 2934 ant
1005 2871 1057 2935 ubi
1074 2874 1140 2955 ejus
1155 2887 1260 2938 aucto

183 3142 312 3204 potueram
328 3143 385 3178 cnm
394 3123 452 3175 cod.
465 3141 490 3175 o.
496 3124 600 3191 suptilis
612 3120 733 3185 scribere,
747 3129 771 3171 et
780 3129 903 3188 opteme,
913 3111 1039 3187 optinere,
1052 3133 1076 3172 et
1085 3120 1179 3177 similis
1189 3143 1260 3196 ,qno

183 3215 214 3268 de
229 3230 321 3287 genere
338 3206 512 3277 Quintilianus
525 3204 624 3257 monuit
636 3205 664 3267 l,
682 3224 711 3273 7,
723 3224 753 3271 7,
767 3216 791 3254 ct
802 3203 836 3255 ibi
849 3203 976 3256 Gesnerus
991 3222 998 3256 ς
1012 3200 1055 3257 secl
1071 3226 1124 3258 non
1136 3208 1220 3279 magis
1230 3209 1259 3262 in

183 3299 234 3350 istis
243 3294 337 3348 imitari
347 3293 417 3346 bunc
428 3290 541 3344 codicem
551 3287 656 3362 placuit,
669 3307 745 3359 quum
757 3288 784 3339 in
793 3286 832 3339 bis
842 3306 899 3358 quae
914 3287 940 3339 in
955 3289 1045 3347 eodem
1055 3289 1165 3344 subinde
1176 3292 1257 3363 posits

183 3381 235 3435 vidi
247 3381 420 3448 subplicium,
431 3395 476 3449 pro
486 3377 656 3444 supplicium,
668 3384 713 3427 eut
727 3373 879 3440 subpremns
892 3390 937 3442 pro
949 3391 1100 3441 supremus,
1117 3386 1161 3426 sut
1169 3376 1179 3439 l
1188 3375 1260 3445 quod

184 3463 262 3516 codex
274 3463 298 3514 b.
310 3464 394 3526 amet)
410 3460 555 3527 subpellex.

218 3552 225 3581 ¹
241 3549 300 3614 Sic,
324 3559 351 3598 ut
367 3547 417 3600 alia
437 3545 572 3609 omittam,
587 3541 735 3615 scriptorum
752 3544 899 3594 moleretur
915 3539 993 3614 Epist.
1016 3557 1079 3594 nxrv
1101 3544 1111 3606 (
1117 3560 1175 3610 quse
1191 3543 1260 3615 Epi-

185 3633 248 3684 stola
262 3633 289 3683 io
301 3633 355 3682 cod.
369 3652 394 3683 o.
407 3651 459 3682 non
475 3628 646 3695 continetur),
661 3647 689 3678 cs
699 3624 836 3690 ¹vetustiore
851 3624 936 3694 aliquo
953 3623 1039 3679 codice
1055 3638 1189 3677 tennerunt
1204 3647 1259 3679 no-

185 3715 227 3766 stri
239 3733 297 3765 mss.
309 3714 333 3764 b.
348 3726 371 3764 et
380 3732 399 3763 c.
410 3732 469 3765 cum
484 3711 524 3763 cd.
538 3712 572 3761 Α.
586 3722 610 3761 et
620 3708 660 3760 cd.
672 3709 748 3760 Rom.
761 3725 818 3777 quse
827 3705 947 3778 scriptura
960 3706 1035 3758 etiam
1048 3728 1076 3758 ex
1088 3708 1127 3758 cd.
1136 3708 1214 3760 Rom.
1231 3708 1258 3761 in

186 3816 273 3851 ornnes
285 3796 344 3847 alies
358 3808 490 3867 propagata
502 3805 545 3847 cst.
560 3792 659 3844 Eodem
669 3789 778 3866 pertinet
788 3827 795 3855 ,
806 3788 875 3858 quod
888 3788 914 3839 in
926 3800 1013 3839 nostro
1024 3809 1071 3840 ms.
1084 3808 1105 3842 c.
1117 3801 1187 3843 vetus
1198 3791 1261 3843 scri·

94 3864 99 3874 ⁴
185 3894 256 3953 ptura
268 3881 440 3933 conmittendn
451 3890 547 3929 servsts
555 3889 592 3929 est
602 3876 628 3927 in
640 3875 718 3948 Fspist.
730 3888 860 3925 Lxxxvnt.

220 3970 230 3998 ²
241 3967 337 4035 Nempe
350 3964 418 4016 idem
430 3962 505 4014 codor
514 3962 602 4035 passim
615 3980 698 4012 rursus
705 3961 852 4026 complecti,
864 3975 1012 4026 componere
1022 3977 1190 4026 ,comparare
1201 3961 1260 4011 stri·

185 4052 231 4103 bit,
243 4052 362 4120 ldemqnc
371 4050 398 4100 in
410 4047 491 4098 verbis
501 4051 593 4117 colligo
605 4085 611 4110 ‚
622 4047 721 4114 corrigo
728 4083 735 4110 ,
748 4061 846 4111 corruo,
863 4055 1003 4095 constanter
1014 4065 1031 4096 n
1043 4043 1150 4097 litteram
1162 4043 1190 4096 in
1200 4063 1259 4096 cana

186 4150 264 4192 mutet
271 4177 278 4199 ‚
293 4157 307 4189 a
318 4155 366 4205 qua
380 4132 484 4206 simplex
496 4131 583 4204 incipit
595 4131 709 4183 verbum.
