2648 4792
219 650 467 738 JOANNIS
497 651 1041 740 SCHWEIGHAEUSERI

395 884 400 899 ⁸
427 894 478 948 AD
494 895 523 948 t.
539 896 667 949 ANNAEI
686 895 842 950 SENECAE

106 1123 651 1327 EPISTOLAS
697 1126 1159 1278 MORALES

386 1360 850 1590 ιΡΜΓΑΤΙΟ.
903 1400 908 1415 ’
1171 1442 1176 1451 ’

97 1973 211 2101 Qun:
235 2008 311 2072 mihi
333 2010 427 2084 olim,
449 2031 541 2092 quum
558 2011 590 2072 in
612 2007 791 2074 Graecorum
807 2012 976 2078 ductorum
999 2019 1118 2102 scriptis
1133 2024 1172 2085 ad

94 2131 235 2180 veterum
258 2117 408 2179 librorum
432 2115 523 2178 fidem
548 2115 699 2199 exigendis
716 2139 815 2179 essem
831 2135 1012 2204 occupatus,
1030 2137 1100 2186 nata
1118 2148 1173 2188 su-

94 2223 186 2287 binde
201 2236 268 2286 erat
281 2221 427 2307 suspicio,
440 2242 506 2285 esse
521 2220 647 2283 sortasse
659 2243 696 2282 ex
709 2218 921 2286 Romanorum
933 2227 1029 2292 etiam
1045 2250 1173 2295 numero

93 2328 287 2413 Scriptorum
308 2328 482 2404 nonnullos,
508 2347 637 2408 quorum
657 2326 744 2404 libri,
763 2329 868 2409 quales
882 2330 972 2395 hodie
986 2335 1018 2396 iu
1033 2338 1173 2402 manibus

94 2437 255 2498 hominum
272 2436 362 2520 vulgo
376 2447 543 2507 versantur,
558 2433 628 2496 licet
636 2435 952 2517 praestantissimorum
964 2441 1099 2505 virorum
1113 2457 1172 2509 stu·

99 2543 152 2604 dio
168 2542 313 2626 recogniti
330 2554 360 2604 et
373 2540 527 2616 illustrati,
546 2539 676 2602 multum
692 2552 795 2603 tamen
807 2541 887 2605 absit
899 2557 933 2605 ut
948 2545 989 2608 ab
1001 2546 1045 2611 eis
1069 2552 1173 2613 sordi-

97 2648 172 2728 bus,
185 2670 260 2732 quas
276 2648 326 2711 vel
341 2660 515 2730 temporum
525 2644 653 2728 minem,
669 2646 718 2709 vei
735 2647 816 2710 male
830 2649 1005 2714 sedulomm
1014 2652 1173 2720 hominurn

96 2756 242 2818 industria
255 2755 471 2838 adspersisset‚
489 2753 561 2814 satis
576 2752 730 2837 repurgati
743 2767 773 2817 et
788 2755 917 2838 genuino
937 2779 992 2821 suo
1008 2760 1099 2824 nitori
1117 2785 1172 2828 re-

97 2862 190 2925 stituti
204 2861 334 2924 debeant
348 2858 474 2933 haberi;
492 2858 577 2922 illam
599 2859 801 2942 suspicionem
821 2864 995 2945 nuperrime
1011 2866 1045 2928 in
1059 2889 1097 2931 eo
1113 2891 1172 2932 au-
1263 2911 1266 2915 .

97 2984 200 3047 olore,
216 2969 250 3030 in
261 2990 321 3050 quo
334 2966 459 3030 minime
476 2979 694 3050 exspectasses,
709 2967 790 3029 miro
803 2971 935 3050 quodam
952 2975 1044 3035 modo
1057 2977 1173 3040 contir-

98 3089 214 3138 matam
225 3072 418 3159 deprehendi.
433 3070 575 3135 Editores
586 3085 672 3135 nacta
685 3087 770 3136 erant
783 3077 899 3138 Seneca
911 3079 1078 3162 Philosophi
1089 3103 1173 3162 opem

97 3183 199 3260 viros,
213 3203 283 3245 cum
293 3180 435 3243 doctrine
446 3179 553 3262 copia,
569 3192 634 3241 tum
647 3178 711 3243 acie
723 3180 851 3265 ingenii,
869 3195 899 3245 et
911 3184 1013 3266 judicii
1026 3188 1173 3268 gravitate

97 3286 377 3373 praestantissimos,
390 3280 886 3369 Emsmrou,Muretum,L1ps1icm,
903 3289 949 3349 Jo.
963 3291 1042 3350 Fn'd.
1059 3292 1173 3356 Grono-

98 3400 184 3458 or'om.
204 3392 327 3456 Horum
342 3391 502 3473 unicuique
514 3411 575 3452 non
588 3390 688 3452 solum
700 3393 788 3474 copia
802 3392 900 3456 suerat
915 3393 1065 3459 librorum
1081 3421 1174 3464 manu

98 3515 312 3574 exaratorum,
336 3498 467 3560 aliorum
481 3496 521 3558 ab
537 3495 585 3557 his
601 3494 708 3577 quibus
724 3497 771 3558 usi
784 3510 871 3560 eraut
884 3500 1057 3582 superiores
1074 3507 1173 3569 edito-

100 3630 148 3671 res
162 3631 170 3680 ;
183 3627 291 3669 verum
301 3604 426 3686 insuper
435 3599 559 3665 Mureto
570 3603 609 3663 ad
620 3622 728 3664 manus
744 3601 862 3664 fuerant
876 3603 1021 3670 lectiones
1035 3632 1071 3672 ex
1082 3613 1174 3694 quin-

100 3715 200 3778 decim
215 3710 369 3775 codicibus
382 3707 555 3792 Hispauicis
568 3729 587 3769 a
600 3708 741 3768 Prirn'uno
756 3721 914 3791 excerptae;
930 3708 1034 3796 Lipsio
1052 3738 1126 3781 vero
1143 3734 1174 3783 et

102 3818 261 3883 Gronovio
286 3839 356 3880 cum
381 3816 517 3898 ejusdem
539 3811 674 3876 Pinciaui
695 3813 841 3876 lectiones
858 3830 965 3899 praesto
983 3835 1084 3896 erant,
1109 3836 1173 3888 tum

104 3929 145 3989 hee
157 3949 224 4010 quae
235 3947 254 3987 a
267 3925 316 3986 Fr.
329 3925 428 3985 Modr'o
442 3944 459 3986 e
476 3920 573 3984 tribus
589 3922 690 3984 msstis
702 3919 956 4005 Herbipolitauis,
976 3927 1016 3989 ab
1035 3930 1174 4014 Opsopoeo

104 4033 223 4097 etribns
232 4027 452 4093 parisiensibus
462 4041 492 4090 et
501 4048 561 4088 uno
572 4026 726 4089 Ambiano
737 4073 745 4100 ,
757 4048 776 4089 a
790 4028 910 4092 Gndero
919 4053 936 4093 e
944 4046 1073 4113 quatuor
1082 4034 1176 4098 Pala-

104 4142 169 4205 tinis
185 4155 217 4204 et
232 4160 292 4202 uno
309 4137 486 4203 Coloniensi
501 4149 627 4199 enotata
641 4150 741 4209 erant;
758 4151 791 4199 ut
812 4139 887 4201 alias
903 4153 1021 4202 taceam
1034 4164 1052 4204 a
1070 4144 1175 4208 anc.

103 4245 196 4308 Joreto
210 4268 247 4310 er
264 4259 365 4308 vetere
380 4243 484 4308 codiee
493 4245 707 4328 depromptas,
720 4258 772 4307 aut
781 4266 817 4306 er
832 4245 1015 4333 Dolecumpir‘
1026 4249 1145 4315 schedis
1157 4274 1176 4317 a
