2648 4792
337 414 340 418 Δ
439 370 741 467 nuenario..
1079 419 1124 489 η

46 533 157 597 saltem
172 533 250 597 locis
264 533 484 612 consuluimus,
495 536 527 597 bi
542 550 610 600 sunt
622 538 696 600 sere.
711 536 863 616 Primum,
876 548 957 602 retus
968 537 1021 600 illa
1029 537 1128 599 Editeb
1173 584 1180 594 .

46 642 242 723 Εριιιοὶαηιηι
255 643 386 715 Smer-e,
408 642 480 704 anni
503 642 621 725 locique
636 657 667 706 et
680 644 861 730 typographi
876 644 987 706 indicio
998 665 1125 720 carens,

48 769 143 829 quam
154 750 203 810 ed.
217 749 259 811 A.
273 748 371 830 (quasi
387 750 569 830 Anonymom
587 749 734 830 dicerem)
749 752 897 835 insignivi.
912 749 955 812 Et
965 750 1044 814 banc
1061 752 1128 833 qui-

48 853 122 914 dem
135 855 175 915 ad
187 854 299 917 codicis
311 855 507 937 manuscripti
523 855 689 939 exemplar,
705 857 756 938 qui
769 870 874 919 nostru
887 876 944 919 ms.
964 878 992 919 c.
1006 854 1129 920 similli-

51 978 121 1027 mus
138 957 258 1035 luisset,
275 979 451 1042 expressam
463 959 648 1043 deprehendi
658 985 667 1034 ς
677 961 720 1023 ita
730 975 850 1039 tamen,
865 974 898 1023 ut
909 960 1008 1045 pruba
1020 959 1128 1045 genui-

51 1083 151 1144 naque
171 1065 320 1147 scriptura
339 1064 465 1127 subinde
481 1065 514 1128 iu
533 1067 777 1140 carceratam,
800 1067 853 1129 ubi
876 1067 1016 1129 vitiosam
1035 1066 1130 1128 babet

51 1183 157 1233 noster
173 1170 268 1233 codex
283 1183 383 1232 mstus.
397 1167 495 1232 Porro
508 1184 680 1235 constanter
695 1173 784 1236 uobis
798 1172 840 1236 ob
852 1172 957 1236 oculos
973 1173 1029 1236 luit
1041 1175 1129 1256 prin-

51 1297 119 1358 ceps
139 1277 276 1337 &manu
293 1277 378 1337 editio
394 1278 571 1339 earumdem
590 1274 818 1360 Epistularum,
836 1299 917 1341 anno
926 1291 1126 1354 mcccclxxv,

53 1400 205 1464 procusa,
217 1402 283 1462 qnae
291 1382 354 1463 jam
361 1402 452 1464 supra
464 1403 482 1443 a
493 1382 582 1444 uobis
591 1398 761 1446 memorata
776 1397 837 1455 est;
848 1404 911 1445 non
922 1384 1127 1448 confundenda

51 1508 123 1550 cum
143 1486 197 1548 illa
211 1487 342 1549 editione
356 1484 498 1550 Romana
510 1534 519 1566 ,
532 1510 598 1572 quse
612 1486 726 1572 paisim
741 1491 774 1551 in
783 1487 934 1575 Opsopoei
950 1503 981 1552 et
993 1491 1024 1551 in
1042 1488 1128 1553 Grn-

51 1594 110 1657 teri
126 1593 371 1656 adnotationibus
383 1595 584 1658 nominatur¹.
597 1594 695 1658 Vetus
711 1596 780 1673 illa,
794 1618 886 1678 quam
897 1597 1036 1678 equidem
1050 1618 1130 1660 nunc

50 1702 140 1777 dico,
156 1697 298 1763 Romana
319 1700 410 1764 editio
432 1723 468 1763 ex
490 1698 697 1784 manuscripto
718 1703 822 1765 codice
839 1723 980 1786 expressa
998 1716 1044 1765 est
1058 1705 1130 1766 satis

52 1809 175 1891 probo,
186 1819 217 1869 et
225 1807 322 1869 multo
334 1806 463 1869 meliore
476 1827 570 1888 qnam
578 1807 673 1881 suerat
683 1809 753 1888 ille,
763 1810 847 1892 cujus
853 1807 1027 1893 exemplum
1039 1809 1129 1871 editio

52 1927 157 1981 nostra
182 1914 223 1975 A.
245 1926 310 1975 erat
332 1926 434 1977 secuta
449 1935 462 2007 εἱ
483 1925 586 1995 estque
600 1914 653 1976 illa
669 1915 797 1979 aliarum
812 1917 948 1980 omnium
966 1916 1132 1978 editionum

53 2021 184 2098 fundus,
199 2041 237 2083 ac
250 2020 341 2082 veluti
354 2020 437 2098 sons,
457 2042 474 2082 e
489 2041 550 2102 quo
564 2035 678 2084 caeterae
693 2044 799 2085 omnes
818 2023 965 2085 editiones
977 2021 1130 2106 profluxe-

56 2143 145 2206 runt,
158 2129 265 2192 sedita
283 2143 317 2190 ut
336 2149 372 2190 ex
393 2128 524 2191 aliorum
546 2128 675 2191 sontium
697 2130 802 2192 rivulis
824 2130 990 2214 plurimum
1011 2131 1132 2211 quidem

57 2235 169 2299 sinceri
180 2235 322 2318 mitisque
335 2235 462 2316 liquoris
480 2236 512 2296 in
526 2238 665 2298 eamdem
682 2236 720 2298 sit
734 2237 919 2311 derivatum,
936 2256 996 2318 quo
1012 2247 1043 2297 et
1060 2235 1134 2296 lim·
1208 2293 1212 2303 ,

58 2345 160 2428 pidior
171 2341 295 2419 flueret,
311 2357 341 2404 et
353 2341 525 2405 molliretur
537 2342 617 2404 illius
629 2343 792 2427 asperitas,
811 2341 941 2404 multum
956 2362 1030 2404 vero
1041 2342 1133 2403 etium

60 2450 139 2514 coeni
160 2471 198 2514 ac
220 2449 344 2513 turbidae
366 2450 502 2512 materiae
522 2449 612 2512 fuerit
632 2450 792 2514 invectum.
817 2448 898 2515 Cum
917 2448 1057 2511 Romana
1075 2449 1133 2513 bac

61 2556 191 2619 editione
211 2556 384 2638 sreqttenter
404 2556 586 2618 Turrisinum
604 2577 728 2640 operum
742 2554 865 2618 Senecae
881 2556 1018 2618 omuinm
1031 2557 1134 2617 edt'tion
1169 2640 1173 2644 ι

60 2686 123 2725 rem
136 2663 272 2740 contuli,
291 2684 370 2726 anuo
386 2667 613 2725 neocosmum
628 2664 809 2747 impressam
822 2689 830 2737 3
847 2677 877 2726 et
888 2683 956 2725 eam
966 2662 1089 2746 quidem
1102 2663 1133 2723 in

58 2767 141 2833 bisce
151 2770 290 2851 Epistolis
303 2768 482 2852 plerumque
494 2769 731 2833 consentientem
745 2790 815 2831 cum
829 2767 970 2831 Romana
981 2766 1134 2851 Epistola·
1160 2834 1163 2838 Α

60 2898 128 2939 rum
147 2875 278 2938 editione
295 2875 496 2959 deprehendi,
515 2896 729 2957 nonnunquam
747 2895 823 2937 vcro
844 2875 936 2937 etiam
952 2875 992 2937 ab
1007 2876 1061 2936 illa
1086 2875 1135 2936 di-

63 2984 246 3053 scedentem
263 3003 330 3064 quae
340 2981 539 3064 discrepantia
549 2975 656 3044 nescis·
664 3002 702 3043 an
717 3003 753 3043 ex
765 2980 968 3066 Neapolitana
980 2982 1131 3055 editione,

63 3109 152 3169 quam
179 3086 283 3149 ridere
306 3107 458 3168 nunquam
481 3086 558 3147 mibi
577 3088 715 3172 contigit,
737 3101 906 3172 propagata
926 3088 992 3149 sit².
1015 3084 1131 3162 Porro,

63 3194 244 3275 ubicumque
258 3211 276 3253 a
290 3204 392 3254 vetere
404 3190 544 3254 Romana
564 3193 693 3256 editione
714 3193 870 3257 discedens
888 3190 1012 3253 Erasini
1030 3212 1136 3254 exem-

64 3299 148 3384 plum
161 3299 376 3376 animadverti,
398 3297 444 3360 ibi
457 3319 526 3361 eam
539 3299 687 3361 editsbnem
710 3301 831 3381 Operum
850 3301 964 3360 Seneca
980 3298 1132 3372 consului,

39 3542 43 3550 ·
97 3511 105 3541 ¹
120 3506 207 3575 Quam
219 3505 372 3560 Romanum
379 3497 516 3558 editionem
524 3501 631 3554 subinde
643 3501 810 3554 nominarunt
820 3501 960 3573 Opsopoens
968 3511 993 3552 et
1002 3500 1134 3569 Gruterus,

66 3612 92 3645 ea
104 3594 205 3646 Mureti
215 3605 266 3657 eat,
277 3593 367 3644 Roma
382 3610 451 3643 anno
465 3578 545 3652 1385,
561 3588 625 3661 typis
641 3587 754 3661 vulgata.
771 3587 861 3657 Nostra
879 3586 920 3637 ed.
934 3588 1012 3640 Rom.
1026 3578 1075 3640 illis
1092 3589 1137 3641 in-

65 3674 164 3748 cognita
177 3693 293 3749 prorsus,
308 3687 374 3727 certe
387 3693 518 3741 nunquam
532 3673 583 3725 visa
596 3670 673 3724 fuisse
685 3670 793 3723 videtur.

93 3762 163 3813 ’De
183 3760 363 3828 Neapolitana
380 3759 424 3811 illa
445 3759 559 3827 Operum
577 3756 678 3810 Senecoe
689 3758 816 3816 editione,
840 3773 896 3824 quat
915 3755 1021 3826 quidem
1047 3756 1137 3809 eodem

65 3860 131 3894 anuo
154 3853 317 3894 uccccuxv
335 3841 453 3910 impressa
475 3838 638 3913 perhibetur,
657 3858 709 3908 quo
731 3837 849 3909 Rpmalta
870 3836 1040 3910 Epistularum
1062 3838 1138 3890 editio

65 3926 172 3999 prodiit,
185 3924 328 3978 doctissimo
340 3924 464 3977 Matthia
479 3923 623 3992 adsentior,
641 3921 756 3974 monenti
771 3922 816 3988 (in
825 3922 915 3994 Progr.
929 3922 1116 3995 supralaudato
1130 3912 1148 3987 ,⁸

65 4013 204 4084 pplesse
219 4008 289 4060 illam
307 4028 412 4061 romana
429 4006 608 4082 posteriorem,
622 4019 647 4059 et
657 4006 782 4081 Epistulas
796 4007 915 4072 Senecas,
930 4027 991 4077 quas
1008 4006 1052 4061 illa
1064 4006 1140 4059 exbi-

64 4095 117 4163 bet,
132 4115 146 4146 e
163 4095 280 4146 Romana
298 4092 408 4144 editione
425 4112 477 4145 esse
494 4092 617 4166 repetitas.
635 4093 685 4158 At,
704 4105 794 4163 practer
813 4092 955 4145 editionem
973 4093 1138 4158 Romanam,

64 4182 163 4233 immite
176 4178 253 4231 etiam
267 4178 344 4232 codes
354 4177 444 4248 aliquis
457 4198 533 4231 manu
546 4189 659 4230 exaratus
672 4175 698 4228 in
712 4175 847 4231 consilium
861 4188 961 4232 vocatus
973 4189 1025 4229 erat
1038 4197 1052 4229 a
1066 4178 1141 4228 Nea-

64 4265 173 4339 politano
187 4263 293 4319 editore.
