2648 4792
427 391 693 475 uuisioni·
716 396 769 463 11.
1089 398 1135 491 49

56 526 197 623 prodest
211 525 327 606 cibus,
344 545 409 591 neo
421 507 557 616 corpori
570 523 736 605 accedit¹,
756 500 944 616 quistatim
959 531 1134 621 ’sumptus

56 638 240 713 emittitur.
257 640 354 708 Nihit
370 663 467 732 oeque
488 634 689 708 sanitatem³
708 638 877 733 impedit,
898 664 1000 735 quum
1020 667 1134 733 remp-

58 761 195 829 diomm
209 759 329 826 crebra
343 757 497 825 mutatio.
515 757 592 824 Non
608 757 703 825 venit
717 757 841 825 vuinus
857 758 902 826 ad
920 760 1132 845 eieatrioem,

60 879 95 945 in
110 901 179 969 quo
194 874 441 943 medicamenta
455 867 648 941 tentantur⁴
668 901 678 957 Ι;
698 898 769 942 non
781 875 986 944 convalescit
997 877 1134 970 plauto,

61 1016 136 1085 quoe
153 1015 244 1086 saepe
260 972 465 1059 transfertur
482 1015 489 1056 :
511 989 600 1057 nihii
617 1004 686 1061 tam
702 991 786 1058 utile
800 1007 869 1076 est,
886 1009 925 1059 ut
942 993 1139 1062 intransitu

61 1101 205 1204 prosit⁵.
220 1104 427 1201 Distringit⁶
448 1107 614 1190 librorum
634 1108 827 1176 multitudo.
851 1111 1006 1202 Itaque²‚
1033 1136 1136 1202 quum
1160 1122 1175 1175 3

62 1225 178 1319 legere
203 1249 272 1293 non
301 1226 410 1319 possis
434 1238 599 1316 quantum
625 1223 802 1308 habueris,
821 1227 901 1293 satis
918 1220 990 1293 θεῖ’
1011 1225 1139 1294 habere

61 1358 227 1436 quantum
239 1341 345 1437 legas.
359 1340 484 1410 -sed
499 1339 621 1424 modo,
638 1342 753 1434 inquis
764 1345 791 1424 ⁹,
806 1343 900 1410 hunc
913 1340 1039 1410 librum
1050 1343 1140 1411 ovol-

94 1533 117 1564 ι.
139 1513 250 1580 Corpori
268 1512 372 1581 neoedit.
392 1509 500 1563 Accedi!
517 1528 579 1562 cor-
629 1510 726 1584 aopoei‚
744 1511 855 1583 itemque
869 1510 916 1563 nlii
933 1510 1066 1577 nonnuiii,
1079 1512 1140 1564 iau-

60 1591 133 1657 ροντ’,
144 1609 223 1641 msc.
233 1600 258 1641 et
272 1588 312 1640 ed.
323 1590 357 1642 A.
367 1586 449 1640 Schts.
629 1586 681 1638 dati
696 1607 711 1640 a
731 1586 876 1659 Ruhkopiio
889 1624 897 1652 ‚
918 1587 971 1656 qui⁴
981 1599 1066 1640 tamen
1087 1588 1139 1659 ipae

95 1690 118 1721 a.
127 1668 268 1734 Sumptus.
285 1667 344 1720 Non
355 1676 459 1726 sumtus
468 1665 581 1718 scribunt
629 1664 762 1738 vulgatum
772 1667 844 1737 quod
852 1664 989 1717 tenendum
997 1665 1141 1738 putavit-s·

63 1746 139 1798 eodd.
155 1745 241 1811 nostri
252 1757 277 1797 et
288 1743 330 1797 ed.
343 1746 378 1797 A.
396 1755 421 1796 et
437 1744 516 1796 Rom.
536 1744 581 1796 sed
634 1741 715 1814 Quod
722 1747 749 1795 in
759 1746 871 1795 transitu
879 1746 971 1811 prosit.
990 1742 1142 1816 Erlangens.

65 1835 199 1892 sumptim
212 1834 237 1874 et
243 1822 320 1894 paulo
327 1834 383 1894 post
393 1858 400 1885 ‚
412 1830 578 1889 temptantur,
630 1834 655 1874 et
665 1824 823 1876 Erfurtenses
835 1822 909 1875 codd.
920 1833 962 1875 nt:
972 1823 1016 1874 sed
1027 1835 1062 1874 est
1073 1823 1141 1875 aber·

131 1908 268 1954 tentantur
282 1918 291 1952 .·
313 1919 365 1970 quo
389 1899 420 1950 de
442 1919 535 1971 genere
554 1899 581 1951 io
629 1901 694 1954 ratio
708 1902 812 1954 librarii.
826 1901 963 1976 Soppieas:
974 1921 1052 1971 quam
1062 1899 1141 1964 iliud,

65 1921 219 2031 i'troaeiatione
231 1975 328 2029 dietum
342 1988 392 2040 est,
408 1997 435 2048 p.
450 1976 490 2029 35.
501 1975 580 2029 Scio.
629 1982 697 2051 qood
710 1981 793 2032 locum
806 1998 880 2031 suum
891 1991 967 2030 tenet.
977 1978 1061 2032 Scito.

99 2054 124 2106 ³.
142 2052 238 2122 AE'pue
259 2057 409 2106 sanitatem.
427 2052 504 2121 Eque
523 2062 580 2104 tum
660 2057 686 2108 6.
704 2057 850 2124 Distringit
858 2057 983 2109 librorum
991 2059 1142 2109 nsuititndo.

67 2135 226 2196 animum,
239 2150 286 2184 ms.
299 2132 322 2183 b.
337 2129 417 2182 Sctw.
630 2132 674 2184 Sie
685 2135 786 2200 Arga.
798 2145 821 2184 st
830 2133 855 2183 b.
866 2133 927 2183 item
942 2133 1029 2200 Δωρί.
1041 2145 1066 2184 et
1076 2132 1143 2184 Par.

98 2203 179 2276 41η
199 2227 251 2275 quo
269 2209 460 2259 rnedisnmenta
478 2216 580 2259 tentno·
629 2212 653 2263 b.
665 2212 692 2261 d.
704 2211 750 2276 (iu
761 2211 826 2261 Pur.
835 2230 861 2261 a.
870 2230 927 2281 pars
936 2209 992 2261 ioiii
1000 2209 1026 2262 h.
1037 2210 1054 2261 1.
1072 2222 1144 2262 vetn-

68 2297 116 2338 tur.
137 2287 181 2338 ste
200 2297 266 2338 reete
285 2284 354 2336 editt.
371 2287 447 2337 Rom.
462 2285 538 2336 Tarv.
557 2297 581 2336 ot
628 2300 690 2348 state
701 2286 819 2339 detritum
831 2287 1011 2358 est)‚deniqne
1022 2289 1143 2361 Opsopoei

69 2365 132 2417 Ven.
145 2384 282 2436 rursusque
295 2363 411 2416 eddim.
424 2383 482 2416 cum
499 2364 580 2415 msstis
630 2365 730 2417 codices
742 2384 850 2432 omnes,
862 2378 959 2436 tresque
972 2365 1032 2428 elii,
1051 2365 1144 2436 quibus

69 2445 160 2496 nostris
170 2463 197 2494 a.
205 2444 229 2495 d.
239 2446 330 2510 Ampt.
343 2455 368 2493 et
378 2442 444 2494 Por.
453 2442 479 2493 b.
490 2443 518 2492 d.
527 2441 583 2511 qni·
632 2444 754 2495 Gruterus
764 2462 828 2495 usna
847 2455 891 2495 est.
907 2444 937 2495 ln
949 2443 990 2495 ed.
1005 2444 1079 2498 Rom.
1092 2458 1145 2498 erat

69 2521 115 2574 itus
128 2534 153 2573 et
162 2521 210 2573 alii
223 2521 339 2580 codices,
352 2518 383 2572 ab
396 2520 523 2591 Opsopoeo
536 2539 583 2571 ex·
632 2520 769 2573 Distmdit
779 2522 905 2594 librorum
911 2524 1065 2590 multitudo,
1074 2523 1144 2593 quod

68 2599 154 2661 cusai,
184 2597 251 2649 haud
273 2596 351 2650 dubie
375 2598 582 2650 assentiebantur.
631 2599 726 2652 innuo
742 2619 845 2651 suorum
865 2611 1000 2651 mistorum
1019 2601 1144 2654 Gruterus

69 2677 263 2746 Inqrsocrebrn
272 2678 339 2742 med.
350 2686 410 2729 tent·
423 2675 504 2729 edidit
514 2677 583 2729 Era·
630 2677 729 2750 reperit.
741 2676 809 2728 Tum
834 2696 894 2728 vero
915 2676 994 2728 editio
1010 2678 1143 2732 Tarvisina

68 2776 137 2809 smus
146 2796 155 2819 ‚
166 2755 238 2826 quod
247 2768 284 2807 est
294 2756 323 2807 in
332 2767 418 2807 nostro
428 2775 475 2808 ms.
485 2775 505 2809 c.
518 2769 543 2807 et
553 2755 583 2807 io
632 2755 659 2806 id
674 2753 757 2821 dedit,
775 2753 844 2824 quod
857 2753 915 2806 inde
931 2753 959 2805 in
974 2754 1037 2807 alias
1053 2775 1141 2809 omnes

68 2835 107 2887 ed.
121 2836 158 2886 A.
178 2833 246 2886 Dein
263 2833 348 2885 crebro
364 2835 456 2885 medic.
475 2843 535 2885 tent.
554 2852 583 2892 ex
635 2831 757 2884 eduostra
767 2851 847 2901 nsque
859 2844 971 2903 tempora
988 2844 1142 2893 manaverat.

68 2914 149 2966 tribes
163 2914 245 2978 msatis
261 2924 389 2978 enotatum
400 2932 416 2964 a
426 2912 534 2965 Grutero
545 2931 583 2963 ar-
632 2908 1066 2963 Distmditonimnmdibmrmnit.
1074 2911 1143 2980 quod

69 2992 148 3066 ripnit
162 2990 279 3064 Lipsius,
288 3002 314 3042 et
328 3003 433 3042 tenuere
444 3002 500 3064 post
511 2989 583 3041 idum
634 2987 717 3060 ipsum
729 2987 828 3039 exhibet
838 2987 876 3038 ed.
886 2988 922 3039 A.
935 3008 992 3040 eum
1002 3001 1087 3040 nostro
1098 3007 1145 3040 ms.

68 3071 181 3122 editores
195 3087 294 3132 omnes,
307 3067 407 3120 inficeto
416 3066 543 3119 ineuieato
555 3086 585 3119 ex
631 3086 653 3120 c.
670 3081 697 3120 et
714 3085 767 3119 uno
789 3066 959 3130 Gmterisnis,
979 3088 1039 3120 nam
1053 3069 1079 3119 in
1093 3068 1144 3120 aiio

69 3147 279 3222 interpretatione
296 3144 438 3211 vocabulo,
451 3144 520 3215 quod
534 3144 584 3195 mi·
632 3145 759 3217 scriptura
773 3145 818 3196 ista
837 3164 851 3197 a
873 3147 983 3197 secunda
1002 3165 1079 3196 maon
1093 3157 1145 3197 erat

69 3225 140 3277 nime
159 3223 366 3277 desiderabatur:
381 3241 462 3286 nam,
484 3243 513 3273 ex
534 3223 585 3274 Se·
633 3223 740 3274 invecta.
761 3222 846 3293 Nuper
864 3222 968 3274 demum
984 3220 1145 3294 Ruhkopfios

70 3324 141 3358 necte
153 3301 582 3370 mente,tentore4sivetemptore)
633 3300 779 3368 Distringit
797 3304 918 3352 animum
940 3299 1034 3363 edidit,
1055 3311 1144 3369 praeter

69 3387 261 3438 medicamenta
271 3380 339 3432 idem
349 3379 453 3432 valetne
465 3379 505 3445 id,
515 3378 584 3450 quod
634 3377 806 3430 nenessitatem
825 3391 913 3431 tenens
926 3377 1048 3451 posterius
1065 3397 1146 3430 voea-

70 3462 150 3515 m‘odo
163 3460 272 3521 dixerat,
285 3459 373 3511 crebro
383 3469 487 3509 mutare
501 3477 586 3510 reme-
635 3453 733 3518 bulum,
744 3453 811 3524 quod
821 3455 914 3526 respuit
922 3456 1076 3527 optimorum
1086 3477 1147 3527 quo·

70 3545 129 3594 dia.
142 3538 222 3593 atiud
234 3539 500 3608 interpretamentum,
509 3535 585 3607 paulo
635 3553 740 3602 rumque
751 3532 867 3591 codicum
879 3552 1022 3585 consensus.
1030 3534 1113 3588 Scio.

71 3620 150 3673 etiam
157 3616 316 3670 commodius
325 3652 332 3679 ,
342 3614 445 3666 Seneeae
454 3612 537 3664 vorbis
546 3612 586 3664 in·
670 3631 692 3678 7.
709 3611 857 3678 Itaque-⁰...
866 3613 947 3678 degas.
960 3612 1047 3678 Quum
1061 3614 1146 3688 plures

73 3696 182 3749 inis-inm
205 3693 251 3755 aiii
278 3693 329 3744 duo
352 3691 453 3742 codices
473 3691 586 3761 ejusdem
636 3687 713 3738 libros
731 3687 815 3756 legere
832 3686 894 3738 veiis
911 3708 987 3756 quarn
1000 3692 1146 3762 possideas,

72 3774 190 3835 (interi,
211 3773 246 3824 sie
268 3771 389 3823 habentes
405 3772 495 3838 inquo
508 3772 588 3822 medi·
637 3766 670 3817 sis
681 3783 766 3835 quaeso
780 3777 910 3816 oonteutus
920 3765 950 3817 iis
962 3786 1024 3835 quos
1035 3768 1135 3822 habeas.

72 3859 195 3905 amento
207 3850 310 3899 diversa
321 3853 461 3899 tentantur.
471 3844 551 3898 Schts.
670 3843 694 3892 8.
712 3841 785 3893 Satis
792 3851 837 3893 est.
845 3844 939 3913 Scripsi
947 3844 972 3895 h.
985 3845 1001 3896 i.
1013 3867 1070 3898 cum
1080 3852 1147 3917 Arg.

107 3930 131 3979 5.
152 3926 191 3979 Ut
206 3929 235 3976 in
252 3926 365 3975 transitu
387 3925 479 3991 prosit.
503 3921 588 3994 Vulgo
638 3942 664 3973 n.
677 3921 701 3970 b.
712 3939 732 3972 c.
746 3932 770 3971 et
782 3919 822 3970 ed.
833 3919 867 3970 A.
877 3941 956 3990 quum
966 3922 1044 3993 vulgo
1057 3936 1149 3977 satest

73 4009 147 4079 qood
164 4008 326 4057 intransitu
346 4023 387 4069 pr.
409 4004 514 4056 Secutus
534 4023 589 4055 sum
639 3999 773 4070 legeretur.
792 3997 830 4049 lix
844 3998 903 4050 aliis
921 3999 995 4050 codd.
1015 4000 1081 4052 nihil
1094 4019 1147 4053 no—

74 4083 249 4136 anetoritatem
259 4079 355 4133 codicis
365 4081 444 4133 nostri
452 4101 478 4132 o.
488 4080 528 4133 cui
539 4083 591 4131 sui·
641 4091 728 4129 tatum.
741 4075 822 4128 Solito.

75 4163 210 4234 fragantur
223 4161 314 4228 Ampt.
325 4170 350 4211 et
362 4171 412 4211 tres
420 4157 521 4211 codices
535 4157 591 4227 Op-
672 4176 695 4226 q.
706 4157 811 4226 loquis.
819 4156 951 4228 Perperam
959 4157 1147 4226 inquommad.

247 4249 308 4315 111.
1006 4245 1028 4341 4
