2648 4792
476 339 780 410 pensauro.
1145 367 1165 436 ς

93 479 249 565 exemplqr
258 480 474 563 antiquitate
483 481 573 546 nobis
581 481 792 546 transmissum
799 479 906 543 baberi
914 481 1052 545 debeant.
1061 479 1164 564 Quid?

92 589 173 669 quod
185 585 266 651 baud
282 587 394 664 sciam,
411 608 451 649 an
465 585 582 652 Seneca
595 588 713 672 primus
728 600 758 650 et
774 607 852 649 unns
867 587 900 649 iu
913 600 976 649 tota
992 587 1166 671 antiquitate

91 694 182 756 inerit
195 706 301 758 auctor
316 693 424 757 talium
439 693 636 777 epistolarum
649 693 887 758 scribendarum.
900 690 984 756 Nam
995 693 1053 755 etsi
1060 691 1168 757 Plato·

92 822 183 878 nem,
199 798 369 885 Epicurtnu
382 800 519 882 aliosque
534 800 629 863 sciam
639 799 784 885 epistolas
798 798 1025 884 philosophicas
1038 821 1169 887 compo-

92 908 202 985 suisse,
224 921 330 971 umen
347 927 410 969 oou
433 906 463 969 id
488 907 583 991 egisse
605 928 659 970 eos
677 920 781 990 patet,
801 921 834 970 ut
852 907 934 970 idem
955 907 1116 970 consilium
1132 929 1169 972 ac

93 1011 209 1078 Seuera
224 1014 343 1077 inirent.
354 1012 432 1096 Quae
444 1012 618 1077 observatio
632 1013 659 1077 si
672 1015 858 1098 voluptatem
870 1013 951 1076 haud
964 1013 1104 1099 exiguam
1119 1013 1170 1078 le-

93 1120 173 1200 genti
201 1118 327 1196 aflerat,
352 1118 448 1182 altera
472 1141 508 1182 ex
531 1133 619 1204 parte
639 1141 701 1182 non
722 1122 829 1184 desunt
850 1141 917 1202 quae
933 1119 1034 1184 eidem
1047 1139 1168 1205 quoqne

93 1222 234 1288 fiduciam
247 1224 402 1308 aliquanto
415 1223 566 1308 majorem
576 1224 738 1303 instillent,
754 1224 946 1309 intelligenti,
962 1245 1067 1289 senem
1078 1240 1168 1309 atque

93 1334 169 1395 adeo
185 1331 343 1394 hominem
357 1351 477 1395 summo
499 1331 568 1395 loco
590 1332 802 1410 constitutum,
816 1331 972 1413 multoque
992 1353 1096 1395 rerum
1112 1355 1168 1397 usu

92 1452 121 1500 et
141 1437 303 1505 homiuum
319 1437 428 1521 peritia
449 1438 628 1501 instructum
647 1439 704 1501 has
726 1438 870 1524 epistolas
884 1439 1109 1523 composuisse,
1130 1461 1168 1505 eo

92 1547 169 1610 adeo
180 1545 329 1624 consilio,
347 1561 379 1609 nt
394 1547 525 1630 porteris
537 1549 683 1632 prodesse
695 1560 847 1632 possuntt.

131 1651 298 1736 Temporis
318 1652 418 1734 itaque
437 1653 468 1713 in
488 1673 549 1734 quo
569 1654 686 1737 scriptae
705 1655 764 1716 sint
787 1654 991 1716 definitionem
1007 1667 1123 1739 certam
1141 1654 1168 1717 si

92 1759 158 1840 quis
170 1759 241 1820 inde
254 1757 343 1822 facile
357 1758 465 1822 conlici
479 1780 570 1842 posse
583 1761 746 1843 putaverit,
765 1759 846 1823 baud
859 1761 922 1824 scio
938 1782 977 1823 an
992 1774 1074 1824 recte
1087 1761 1170 1845 jndi-

92 1865 225 1939 caverit,
242 1885 416 1947 quanquam
433 1879 464 1928 et
483 1863 603 1950 Lipsius
624 1867 656 1929 iu
674 1866 788 1950 praelat.
803 1871 842 1932 ad
854 1869 910 1932 has
924 1865 1079 1953 Epistulas
1098 1865 1169 1931 huic

89 1972 227 2055 opinioni
239 1972 390 2036 calculum
406 1993 494 2036 sunm
507 1975 671 2057 adjecerit,
688 1997 794 2039 omnes
813 1996 881 2055 eas,
898 1975 1072 2052 affirmem,
1089 1975 1169 2037 intra

92 2073 267 2150 biennium,
284 2071 469 2136 Consulibus
483 2072 634 2138 Memmio
644 2073 764 2161 Regulo
776 2091 806 2140 et
816 2077 956 2160 Virgiuio
966 2073 1066 2153 Rufo,
1077 2074 1170 2137 item-

91 2201 150 2260 que
167 2176 302 2241 Lecanio
324 2191 354 2240 et
373 2176 491 2243 Licinio
505 2224 514 2257 ,
536 2200 565 2241 a.
578 2179 621 2241 U.
639 2178 677 2244 G
695 2180 756 2243 816
775 2195 805 2244 et
824 2185 882 2266 817
898 2183 918 2243 i.
933 2203 959 2244 e.
979 2181 1060 2243 baud
1079 2180 1170 2265 longe

91 2297 161 2346 ante
174 2281 299 2347 Senecae
313 2298 463 2361 mortem,
480 2306 545 2365 quae
559 2286 662 2348 incidit
674 2287 705 2347 in
719 2307 832 2348 annum
844 2285 885 2350 U.
899 2283 936 2349 C.
951 2283 1029 2364 818,
1045 2306 1170 2370 compo
1208 2349 1210 2353 ,

91 2388 352 2453 sitasesseUnica
360 2402 462 2451 tamen
471 2391 618 2472 temporis
626 2390 721 2453 finitio
730 2391 860 2455 occurrit
871 2390 943 2456 satis
951 2390 1169 2472 luculenta,cui

92 2495 204 2573 fidere,
217 2507 248 2557 et
260 2516 319 2577 qua
329 2496 367 2557 ad
377 2494 579 2558 dirimendam
591 2495 669 2560 lranc
682 2498 768 2561 litem
780 2498 823 2559 uti
831 2499 911 2561 licet.
923 2496 960 2560 ln
973 2497 1035 2583 Ep.
1043 2515 1114 2576 xct,
1127 2501 1166 2580 4,

92 2597 154 2679 agit
166 2592 283 2658 Seneca
294 2597 330 2658 de
344 2595 500 2667 incendio,
512 2616 573 2677 qno
584 2593 792 2680 Lugdunensis
801 2597 920 2661 colonia
930 2599 1074 2662 exstincta
1084 2613 1166 2662 erat:

94 2728 109 2754 u
126 2698 209 2764 Huic
227 2701 369 2777 eolouiae,
390 2700 487 2777 addit,
511 2700 551 2764 ab
570 2701 683 2786 origine
700 2724 754 2765 sna
773 2705 952 2767 centesimus
963 2726 1057 2767 anuos
1072 2706 1169 2769 estA

91 2806 206 2870 Planco
226 2809 353 2870 deducte
374 2807 405 2867 in
428 2806 506 2870 banc
525 2807 726 2889 frequentiam
742 2811 802 2873 loci
818 2813 1041 2896 opportunitate
1055 2834 1169 2876 conva-

92 2912 156 2975 luit.
168 2940 184 2967 n
196 2911 271 2975 Jam
285 2934 379 2994 quum
388 2926 504 2976 certum
514 2914 569 2988 sit,
580 2913 761 3000 Lugdunum
770 2917 803 2978 in
811 2914 913 2980 Gallia
923 2916 1039 2982 Celtica
1050 2941 1074 2981 s.
1083 2917 1170 3005 Lug-

92 3018 238 3094 duneusi,
253 3015 399 3101 aLepido
411 3031 441 3080 et
450 3015 488 3079 L.
498 3017 612 3083 Planco
623 3022 776 3084 conditum
788 3043 872 3101 esse,
884 3036 917 3085 ut
930 3022 1118 3087 Viennenses
1128 3023 1169 3086 ab

92 3122 461 3208 Allobrogibusesedibus
468 3125 546 3209 pulsi
554 3125 761 3191 haberentubi
769 3128 956 3206 habitarent,
966 3127 1039 3192 a.U.
1047 3126 1084 3192 C.
1095 3151 1130 3212 7¹
1140 3150 1167 3201 ις

94 3244 282 3292 memorante
293 3229 387 3292 Dion.
400 3228 486 3294 Cass.
498 3249 589 3306 xnv1,
602 3234 641 3297 50
652 3259 659 3307 ς
671 3236 788 3298 nullum
799 3236 975 3300 dubitationi
986 3236 1088 3298 locum
1102 3257 1168 3299 esse

94 3350 215 3418 putem,
231 3337 303 3416 quin
319 3337 364 3397 hae
379 3338 511 3419 epistolae
524 3361 576 3400 sex
592 3354 745 3424 septemve
763 3344 848 3405 anuis
865 3357 933 3404 ante
950 3340 1071 3406 Senecae
1081 3365 1169 3406 mor-

94 3455 155 3502 tem
169 3443 285 3525 scriptos
299 3443 366 3505 sint.
377 3440 499 3505 Lubens
513 3446 621 3508 omitto
636 3461 744 3510 caetera
759 3449 905 3534 temporis
916 3448 1042 3528 iudicia,
1055 3453 1168 3536 quippe

95 3546 228 3623 leviora,
244 3570 334 3628 qnam
349 3563 381 3609 ut
395 3549 430 3611 iis
446 3551 489 3610 nti
501 3551 598 3634 possis
605 3565 628 3614 ².

134 3651 241 3714 locidit
258 3653 349 3736 igitur
367 3653 426 3718 hoc
446 3657 615 3719 litterarum
637 3661 871 3737 commercium,
895 3664 919 3724 si
941 3678 1041 3727 tamen
1062 3687 1168 3728 verum

129 3897 136 3925 ¹
150 3893 242 3947 Senem
255 3897 345 3962 luisse,
360 3896 411 3970 ipse
422 3897 466 3951 ait.
478 3896 517 3952 Cf.
528 3898 591 3971 Epp.
604 3915 659 3965 xu,
677 3920 704 3962 ις
717 3916 797 3968 xxt'1,
812 3925 838 3967 ις
851 3922 947 3971 xxxtt',
964 3929 973 3962 t
987 3931 993 3974 ς
1008 3922 1053 3964 etc.

128 3987 240 4055 ’Quum
258 3986 325 4038 enim
347 3988 392 4063 Ep.
412 4005 480 4045 xx111
498 3989 606 4054 hiemis,
621 3992 667 4063 Ep
681 4008 755 4047 mn
771 3993 826 4050 init.
843 3998 925 4066 veris,
941 4002 988 4075 Ep.
1006 4017 1117 4069 cxxxvi,
1139 4003 1168 4068 tl

96 4074 179 4138 lunii,
189 4088 214 4128 et
225 4077 271 4148 Ep,
285 4093 335 4130 Lxx
345 4078 418 4153 longi
429 4079 557 4134 intervalli
567 4082 692 4148 meminit,
700 4097 755 4156 post
767 4088 835 4159 quod
846 4089 980 4165 Pompeios
992 4093 1093 4160 viderit,
1104 4113 1168 4164 quot

96 4165 210 4237 Eptux
222 4186 270 4219 ase
280 4182 423 4242 conspectos
432 4170 548 4240 nunciat,
565 4172 630 4225 nihil
639 4173 700 4227 certi
715 4176 773 4230 inde
783 4179 816 4232 ad
828 4179 951 4252 liquidum
964 4183 1050 4256 colligi
1064 4197 1151 4256 potest.
