2648 4792
490 409 755 480 urrsrouu
778 416 807 481 1.
1150 400 1192 507 ss

113 546 192 609 cet'
214 541 403 633 quidquam
418 540 562 622 debere,
579 543 638 633 qui
657 557 791 634 tempus
808 545 962 636 accepit3
979 569 1083 636 quum
1102 550 1192 617 inte·

113 661 179 725 rim
191 658 257 725 boc
268 682 373 724 unum
385 673 448 738 est,
462 658 552 749 quod
563 682 607 725 ne
623 675 738 750 gratus
750 659 888 751 quidem
898 665 1023 754 ¹potest
1032 663 1189 734 reddere.

113 773 349 866 Interrogabis
364 773 523 854 fortasse,
536 773 620 865 quid
631 798 694 864 ego
705 775 837 858 faciam,
852 776 912 868 qni
922 777 985 843 tibi
999 779 1062 846 ista
1075 781 1195 872 praeci·

115 891 200 983 pio?
212 893 241 956 F
242 883 382 957 atebor³
393 892 541 980 ingenue
556 918 563 957 :
577 891 667 981 quod
680 889 771 983 apud
786 887 1026 976 luxuriosum⁴,
1043 895 1103 963 sed
1117 896 1195 964 dili·
1220 907 1236 972 4

116 1024 275 1101 gentem,
290 1007 425 1089 evenit,
439 1009 526 1074 ratio
542 1004 627 1074 mihi
644 1024 774 1076 constat
785 1010 959 1103 impensae.
973 1015 1050 1079 Non
1059 1036 1195 1106 possum

118 1125 256 1205 dicere,
278 1123 366 1190 nihil
385 1114 574 1215 perdere⁵z
595 1123 655 1191 sed
674 1123 759 1215 quid
772 1125 935 1217 perdam,
957 1142 991 1194 et
1011 1152 1139 1219 quare,
1162 1145 1196 1198 et

117 1237 423 1331 quemadmodum,
438 1237 549 1306 dicam
565 1264 573 1305 ε
596 1264 714 1308 causas
727 1247 935 1334 paupertatis
947 1269 1026 1312 meae
1040 1243 1193 1312 reddam.

117 1356 185 1424 Sed
205 1357 321 1423 evenit
336 1347 455 1437 mihi⁶,
477 1355 569 1446 quod
585 1356 759 1448 plerisque
778 1382 845 1425 non
866 1383 926 1426 suo
944 1361 1050 1427 vitio⁷
1067 1361 1110 1428 od
1125 1362 1196 1428 ino·

117 1473 210 1564 piam
232 1470 406 1538 redactis:
428 1493 545 1538 omnes
564 1470 878 1565 ignoscunt,'nemo
898 1478 1075 1543 succurrit.
1100 1476 1195 1569 Quid
1251 1470 1260 1484 ⁹

118 1690 183 1742 tiunt
196 1689 278 1741 nostri
290 1707 348 1739 mss.
360 1707 386 1738 a.
406 1700 429 1739 et
448 1688 473 1738 d.
485 1707 595 1757 quorum
608 1687 636 1739 iu
686 1689 804 1759 temporis
813 1690 936 1742 rationem
944 1710 1021 1761 quem
1030 1690 1145 1743 babuisse
1155 1690 1195 1742 di·

119 1767 256 1838 posteriore
265 1763 637 1835 quidemimpetroserurrtscri·

120 1843 194 1895 bitur.
212 1845 349 1912 Perpetem
362 1846 447 1909 perire
462 1840 502 1891 ed.
520 1842 596 1892 Rom.
612 1853 636 1891 et

120 1923 193 1974 Tarv.
206 1935 261 1973 turn
272 1925 369 1987 periere
379 1920 417 1972 ed.
429 1920 494 1971 Veri.
506 1931 530 1970 et
537 1919 634 1971 Erasm.

121 2020 178 2052 cum
185 2012 272 2052 nostro
280 2017 326 2050 ms.
339 2018 360 2050 c.
369 2009 394 2049 et
403 1997 469 2048 Par.
479 2017 505 2050 a.
517 2009 542 2048 et
550 1997 590 2049 ed.
597 2000 633 2049 A.

123 2077 205 2131 Sctw.

157 2178 177 2210 r.
189 2158 312 2210 Nemore
323 2158 423 2218 irrdr'eet.
434 2155 476 2207 Sic
487 2154 561 2206 verba
572 2154 633 2216 ista,

122 2237 152 2288 ad
161 2234 329 2307 precedentia
342 2234 431 2294 relate,
444 2233 553 2304 primum
565 2230 635 2282 erhi-

123 2315 214 2366 bentur
225 2314 251 2364 in
263 2312 303 2364 ed.
315 2312 412 2363 Eresm.
427 2332 440 2361 a
453 2345 460 2370 ‚
472 2309 562 2361 eodem
573 2329 633 2361 vero

123 2391 283 2445 modoetiam
293 2390 320 2441 in
331 2389 426 2448 mestis,
437 2409 495 2440 cum
506 2388 572 2451 eliis,
582 2400 637 2439 turn

125 2470 214 2522 uostris
225 2490 251 2521 a.
261 2482 285 2520 et
292 2469 317 2520 b.
326 2468 393 2530 Sed,
405 2467 532 2541 praemissa
541 2467 635 2538 majore

125 2547 304 2610 distinctione,
316 2546 400 2597 Nemo
406 2543 636 2609 judicatreseribi-

125 2624 204 2679 turin
219 2643 265 2675 ms.
277 2645 298 2677 c.
310 2636 334 2676 et
345 2623 373 2675 in
383 2622 423 2674 ed.
432 2624 468 2673 A.
479 2635 504 2673 ot
514 2623 598 2675 Nemo
610 2639 638 2673 se

120 2710 224 2775 judicat
231 2704 350 2758 edlloru.
357 2703 499 2754 Taruven.
508 2713 532 2752 et
539 2701 636 2752 Eresm.

128 2784 240 2856 1,quod
258 2783 338 2855 ipsum
351 2781 378 2832 in
394 2779 517 2852 plerisque
532 2779 608 2831 etium
623 2799 636 2831 e

124 2865 174 2916 suis
185 2862 268 2914 msstis
279 2861 313 2912 ite
322 2857 398 2911 scribi
408 2857 530 2910 Gruterus
539 2856 581 2909 ait.
591 2856 620 2909 S.

158 2963 181 2995 π.
196 2939 341 3008 Nepotes
359 2938 472 3007 quidem.
486 2935 539 2988 Nec
552 2955 595 3006 pro
606 2955 638 2987 rre

124 3020 202 3072 habet
215 3037 281 3070 unus
293 3028 377 3068 noster
394 3035 441 3064 ms.
455 3034 475 3065 c.
494 3033 551 3065 cum
565 3012 638 3065 editis

124 3098 197 3150 libris
204 3108 263 3149 ente
274 3095 410 3146 illuretum.
420 3090 570 3162 Cuiusmodi
577 3091 638 3141 scri-

124 3189 198 3250 ptura
216 3176 359 3243 frequenter
377 3170 436 3222 alibi
457 3190 486 3221 ex
498 3167 638 3238 junioribus

124 3253 208 3305 russtis
221 3253 249 3304 in
261 3268 348 3301 omncs
359 3248 481 3300 editiones
494 3246 637 3309 inruerat,

124 3334 170 3387 ubi
183 3331 339 3406 probatiores
352 3327 411 3380 libri
428 3346 516 3379 omnes
533 3345 564 3377 rte
580 3328 639 3393 qui-

124 3415 204 3475 dem,
216 3430 270 3462 non
280 3426 324 3459 nec
336 3407 441 3475 quidem
452 3442 460 3468 ,
473 3403 572 3456 debant.
586 3401 615 3454 S.

160 3488 185 3541 3.
195 3487 318 3539 Fatebor.
330 3485 430 3537 Fateor
439 3500 508 3534 msc.
515 3493 539 3532 et
549 3481 639 3548 Ampl.

124 3571 196 3621 dant.
208 3565 289 3619 Schts.

161 3646 186 3708 4.
200 3644 390 3696 hxuriosum.
404 3639 543 3691 Luxurioso
554 3658 580 3690 se
597 3658 640 3709 pa·

126 3721 269 3773 trilemilias
279 3729 406 3790 comparat
416 3726 559 3788 propterea,
570 3715 638 3785 quod

127 3799 180 3850 rita
194 3797 294 3860 aulice,
309 3815 383 3866 quom
403 3794 508 3866 degebat
523 3794 639 3858 Seneca,

128 3876 238 3928 multum
251 3874 369 3944 temporis
379 3872 506 3924 auferebat
517 3889 524 3923 ε
534 3872 641 3944 proinde

127 3952 227 4004 tabulas
238 3951 332 4022 accepti
349 3964 373 4002 et
389 3950 491 4023 expensi
510 3949 643 4021 diligenter

127 4031 283 4104 dispensare,
294 4043 318 4080 et
325 4033 442 4102 temporis
451 4029 571 4100 jacturam
580 4029 644 4099 ejus·

128 4129 179 4178 que
191 4127 279 4160 causas
292 4120 404 4159 accurate
415 4119 560 4181 computare
572 4119 595 4158 et
609 4120 646 4158 te-

127 4206 190 4239 nere
203 4198 307 4256 poterat.
319 4185 525 4240 Ruth-time
539 4186 645 4256 impensi

685 1766 719 1818 cit
734 1768 852 1831 Seneca,
870 1768 943 1819 multi
957 1769 1107 1821 recentiores
1123 1787 1196 1820 conr·

684 1846 884 1911 mundaverunt,
896 1847 923 1898 in
936 1848 1022 1920 primis
1034 1847 1195 1899 Verulamius

683 1923 752 1976 Beco
761 1936 784 1977 et
792 1925 965 1986 Franblinius;
975 1926 1028 1978 imo
1036 1938 1126 1977 nostre
1136 1938 1194 1978 ate-

681 2002 712 2053 tis
723 2002 829 2074 scriptor
835 2002 948 2071 quidam,
955 2002 992 2054 D.
1000 2002 1036 2053 ll!
1042 2001 1194 2067 Mutum,

680 2078 748 2131 benc
769 2079 892 2131 inertem
912 2080 986 2131 vertit
1008 2091 1032 2131 et
1051 2080 1078 2130 in
1099 2079 1196 2132 eximiis

683 2156 801 2228 operibus
808 2157 893 2207 Essui
901 2159 1196 2222 surl'emptoidutems‚·

682 2236 793 2301 Agenda
811 2233 933 2302 genereth
951 2231 1098 2298 Biontette3
1119 2235 1197 2287 multe

685 2309 803 2380 bonaque
815 2307 920 2362 consilia
932 2309 1001 2362 dedit
1017 2322 1069 2361 tum
1089 2312 1120 2363 de
1135 2326 1197 2364 tem·

687 2388 754 2460 poris
762 2408 818 2452 usu,
828 2401 879 2440 tum
890 2387 921 2440 de
929 2388 981 2458 ejus
992 2407 1110 2442 mensure
1123 2401 1147 2442 et
1156 2410 1195 2444 ao·

685 2478 770 2518 curata
782 2479 888 2518 retrone.

719 2546 741 2594 5.
754 2544 831 2596 Nihil
841 2546 954 2613 perdere.
971 2543 1057 2615 Vulgo
1075 2564 1118 2596 me
1128 2544 1201 2603 nilu'd

682 2617 805 2690 perdere,
817 2619 886 2692 quod
898 2633 922 2672 et
934 2621 962 2672 in
973 2620 1052 2672 tribus
1063 2621 1197 2673 msstisre-

685 2699 748 2772 perit
759 2699 888 2751 Gruterus.
900 2698 948 2750 Sed
959 2717 1100 2771 pronomen
1111 2719 1197 2772 perso·

685 2777 759 2842 nale,
776 2778 846 2849 quod
865 2790 889 2830 et
901 2777 962 2830 alibi
979 2779 1070 2848 passim
1079 2778 1158 2829 simili
1170 2777 1197 2829 in

686 2856 871 2909 construetione
889 2855 1005 2908 omittere
1023 2856 1120 2909 Seneca
1131 2876 1198 2908 con·

686 2934 767 2986 suerit
776 2972 783 2998 ,
791 2954 849 2986 cum
857 2934 968 2987 editione
975 2935 1012 2986 A.
1022 2935 1141 3007 ignorant
1148 2955 1199 2987 no·

685 3012 730 3064 stri
741 3031 798 3063 mss.
809 3032 836 3062 a.
847 3013 870 3065 b.
879 3033 900 3065 c.
912 3032 970 3065 cum
981 3012 1164 3065 Parisiensibus
1175 3025 1198 3064 et

687 3090 805 3142 omnibus
828 3089 948 3164 Opsopoei
965 3089 1076 3160 itemque
1101 3088 1198 3142 duobus

688 3170 800 3223 Gruteri.
813 3170 894 3224 Satur.

719 3248 743 3299 6.
750 3248 889 3301 Sedereru't
897 3250 970 3300 midi.
978 3249 1111 3321 Perperuru
1119 3247 1198 3320 vulgo

687 3325 733 3380 Sic
741 3327 895 3377 ereoe'tmr'lri
904 3346 912 3376 :
922 3327 967 3378 ubi
980 3326 1071 3376 merito
1082 3326 1197 3393 mireris,

690 3425 743 3457 non
753 3404 849 3477 pridem
863 3415 986 3472 receptam
1002 3423 1053 3456 esse
1064 3405 1140 3458 unice
1149 3425 1200 3458 ve-

691 3502 746 3534 rem
761 3482 927 3553 scripturam,
948 3502 977 3534 ex
993 3495 1100 3553 quatuor
1117 3484 1199 3537 msstis

690 3558 828 3632 Opsopoei,
844 3571 867 3610 et
880 3558 991 3630 quinque
1009 3559 1110 3612 Gruteri
1124 3581 1200 3614 com-

691 3638 834 3690 mendatam
844 3658 851 3696 ;
862 3636 953 3705 quibus
964 3637 1061 3690 accedit
1078 3639 1116 3692 ed.
1127 3643 1163 3691 A.
1176 3653 1201 3691 et

691 3715 770 3766 nostri
782 3714 851 3765 mssti
860 3733 949 3766 omnes
962 3728 986 3767 et
997 3718 1089 3783 Ampl.
1103 3716 1184 3770 Schw.

723 3815 747 3858 7.
757 3794 816 3844 Non
827 3812 874 3845 suo
886 3797 951 3845 vitio
961 3795 1076 3847 omniurn
1090 3796 1164 3849 codd.
1177 3808 1201 3848 et

691 3874 749 3926 edd.
759 3871 841 3925 lectio.
850 3872 902 3926 Sed
910 3873 930 3925 si
938 3875 1025 3927 vocula
1035 3895 1086 3926 non
1096 3874 1200 3940 abesset,

692 3951 809 4020 equidem
819 3951 883 4003 nibil
893 3952 1060 4005 desiderarem
1075 3952 1202 4004 Rutu.-

693 4030 748 4080 lmo
757 4028 846 4081 melius
858 4043 1007 4102 congrueret
1017 4051 1076 4084 cum
1088 4052 1202 4102 sequeu-

695 4105 850 4158 tibusverbis
862 4125 965 4160 :omncs
974 4109 1108 4181 ignoscunt
1120 4129 1203 4162 :nero-

696 4206 745 4255 que
756 4185 786 4239 iis
797 4200 895 4242 tantum
915 4189 1096 4259 ignosccnduro
1113 4202 1148 4241 cst
1159 4188 1203 4258 qui
