2648 4792
127 370 193 413 ro·
431 341 473 409 F.
499 336 540 409 E.
567 339 874 411 RUHKOPFII

119 482 315 568 Mogontins,
330 464 466 545 animi-et
479 481 589 566 ingenii
603 482 762 546 virtutibus
782 485 830 546 vir
842 485 967 568 insignis
978 499 998 563 ¹,
1017 485 1128 550 eximia
1142 491 1201 556 to-

119 593 215 655 ctrina
224 605 254 653 et
262 612 381 653 sommo
392 590 490 652 studio
501 591 532 652 id
539 605 675 674 egerrmt,
683 590 871 655 nthciliurn
877 593 1201 679 Juniorempoematis
1210 580 1229 597 ’-

119 692 208 759 AEtao
223 694 359 778 inscripti
372 709 404 758 et
419 694 566 760 Cornelio
583 695 699 760 Severo
715 697 809 761 tribui
830 699 930 771 soliti,
956 714 1112 764 auctorem
1128 723 1199 766 esse

118 805 371 867 demonstrarent.

157 908 347 993 Argumenta
368 907 476 990 quibus
499 920 625 991 uterque
642 930 714 973 usus
732 925 777 974 est
798 912 837 973 ad
857 931 966 995 poema
988 912 1064 975 illud
1075 910 1199 977 Lucilio

117 1015 243 1078 Juniort
258 1015 487 1088 vindicandum,
503 1016 659 1099 ingeniose
674 1017 796 1099 quidem
807 1017 928 1080 inventa
939 1031 970 1080 et
983 1018 1137 1102 eleganter
1145 1042 1200 1082 era

118 1123 216 1208 posita
227 1121 305 1196 vidi,
319 1135 351 1182 nt
364 1122 394 1184 ri
408 1142 461 1184 sua
472 1142 532 1184 non
549 1123 746 1186 destituantur
759 1125 799 1186 ad
813 1126 1054 1206 persuadendum
1067 1125 1196 1198 lectori:

119 1230 172 1290 sed
189 1228 215 1290 si
231 1227 362 1290 curatius
385 1248 454 1289 rem
474 1228 658 1310 inspexeris,
684 1228 783 1291 omnis
800 1229 853 1291 illa
870 1229 1005 1292 assensio
1026 1251 1137 1293 vercor
1157 1252 1200 1295 ne

119 1336 221 1396 animo
236 1333 383 1397 elabatur.
400 1332 471 1396 Hoc
483 1346 600 1396 tantum
617 1335 687 1397 inde
708 1348 792 1398 certo
815 1336 901 1417 sequi
915 1335 992 1398 mihi
1006 1340 1196 1419 persuadeo,

119 1440 299 1506 Cornelium
308 1438 458 1503 Seremm
471 1439 559 1523 hujus
571 1442 714 1524 poematii
726 1454 882 1504 auctorem
892 1464 958 1505 esse
971 1462 1033 1504 non
1042 1445 1195 1525 potuisse:

118 1548 173 1610 sed
188 1568 227 1609 an
242 1543 376 1608 Lucilius
386 1545 500 1607 Junior
515 1546 579 1626 ejus
595 1561 702 1609 auctor
715 1547 768 1621 sit,
785 1548 934 1611 incertum
951 1569 1091 1627 manere,
1103 1572 1198 1632 quan-

119 1673 211 1734 quam
227 1650 380 1728 Lucilius,
399 1653 424 1713 si
438 1665 540 1713 tamen
556 1667 712 1716 auctorem
734 1668 851 1716 certum
867 1676 1018 1741 anonymo
1033 1656 1198 1739 praeferas,

120 1759 146 1821 is
159 1760 287 1820 sortasse
306 1760 360 1833 sit,
377 1759 425 1821 cui
443 1758 542 1840 aliqua
558 1761 817 1824 verisimilitudine
837 1762 912 1824 illud
931 1765 1126 1845 conjectando
1145 1766 1199 1839 tri·

109 1866 214 1928 ·buere
227 1850 334 1950 possis.
345 1863 513 1927 Enimvero
525 1887 561 1927 ex
573 1869 832 1951 argumentisque
843 1890 860 1931 a
871 1868 1091 1932 Wernsdorfio
1102 1871 1199 1933 [usius

120 1974 255 2056 exposita
271 1986 355 2050 sunt,
372 1973 431 2035 hoc
449 1974 585 2033 nondum
602 1972 738 2034 eflicitur.
1227 2055 1230 2059 ι

160 2081 258 2143 Totus
273 2094 375 2144 autem
388 2082 480 2144 cardo
497 2081 765 2163 argumentationis
782 2082 813 2142 in
830 2080 953 2145 Senecas
967 2080 1026 2166 Ep.
1039 2098 1138 2144 txxtx
1154 2083 1200 2145 in-

120 2189 257 2262 vertitur,
272 2191 352 2252 unde
368 2189 520 2264 videmus,
536 2185 689 2251 Lucilium
703 2190 766 2270 jam
780 2189 832 2250 din
843 2190 1077 2272 descriptionem
1094 2188 1204 2251 AEtnss

120 2316 253 2378 parasse.
273 2294 431 2357 Sedenim
447 2297 583 2379 cupidius
599 2298 677 2379 justo
689 2297 758 2358 inde
773 2295 1000 2381 colligeremus,
1016 2318 1089 2380 ergo
1101 2298 1202 2364 consi-

120 2402 195 2462 linm
211 2402 287 2462 illud
304 2403 395 2463 etiam
412 2403 581 2465 consectum
597 2424 672 2465 esse.
689 2401 839 2465 Senecam
856 2417 956 2465 antmo
971 2403 1013 2464 ibi
1031 2405 1068 2465 de
1078 2405 1199 2486 majore

121 2506 256 2570 carmine
273 2507 430 2588 loquutom
442 2528 524 2578 esse,
540 2507 640 2588 qualia
656 2522 723 2570 sunt
735 2508 859 2592 Virgilii
869 2506 998 2584 AEneis,
1013 2507 1118 2570 Ovidii
1128 2506 1198 2571 Me·

121 2613 346 2696 tamorpltoses,
360 2626 390 2675 et
401 2611 537 2676 Cornelii
552 2610 658 2675 Severi
672 2634 746 2696 epos
760 2634 839 2677 nunc
855 2615 1063 2697 deperditum,
1077 2612 1197 2675 Bellum

121 2719 257 2783 Siculum
276 2717 457 2797 (Octaviani
484 2740 554 2782 cum
579 2719 660 2783 Sext.
688 2719 861 2803 Pompeio,
886 2743 952 2782 cnm
975 2719 1199 2782 Wemsdorlio

122 2828 142 2890 l.
160 2829 181 2889 l.
198 2852 229 2913 p.
248 2827 303 2901 26,
321 2825 415 2911 poto)
440 2828 636 2910 inscriptum,
661 2850 719 2892 nec
735 2828 888 2912 singulare
911 2848 1023 2910 poema
1040 2829 1076 2888 de
1098 2824 1198 2889 AEtna

121 2934 321 3013 intellexisse,
346 2934 440 2996 rerba
464 2956 501 2997 ex
526 2931 587 3016 Ep.
609 2934 690 2996 laud.
711 2937 821 2997 docere
843 2934 992 3004 ridentur,
1015 2935 1046 2993 iu
1063 2935 1199 3016 margine

121 3041 283 3127 apposita².
299 3024 375 3103 Jam
392 3060 465 3103 vero
483 3061 519 3101 ex
533 3039 616 3102 hisce
633 3039 735 3103 verbis
752 3040 895 3122 colligere
910 3052 1026 3101 tantum
1040 3039 1129 3111 licet,
1143 3036 1198 3100 Se

121 3170 230 3214 necam
251 3145 378 3210 suasisse
401 3142 539 3219 Lucilio,
561 3159 593 3207 ut
618 3146 745 3229 episodii
761 3147 829 3208 loco
843 3143 947 3208 AEtrm
962 3145 1198 3227 descriptionem

122 3255 250 3318 carmini
264 3256 301 3315 de
314 3251 418 3316 Sicilia
436 3273 459 3314 s.
471 3250 726 3315 Memorabilibus
745 3251 854 3316 Sicitiae
878 3251 1001 3314 inserat.
1014 3248 1048 3312 Si
1062 3251 1144 3312 enim
1159 3252 1198 3313 de

123 3362 266 3444 singulari
287 3360 421 3425 carmine
446 3360 606 3443 cogitasset
627 3374 743 3434 noster,
767 3374 849 3422 certe
875 3361 976 3423 dicere
996 3380 1058 3420 non
1077 3359 1196 3440 potuit:

122 3471 263 3545 attingus,
287 3467 398 3550 quippe
415 3487 475 3546 quo
492 3464 587 3527 verbo
601 3466 737 3548 episodia
751 3479 782 3528 et
795 3465 906 3528 similia
924 3464 1075 3547 designari
1091 3464 1199 3526 solent

122 3574 163 3633 At
184 3575 264 3634 enim
285 3588 365 3635 totus
385 3573 529 3656 poematii
544 3571 633 3654 hujus
651 3586 740 3633 tenor
755 3586 785 3634 et
801 3572 982 3654 compositio
996 3591 1145 3651 quemque
1157 3570 1201 3631 le⁴

157 3842 163 3865 ⁸
179 3824 274 3877 Videas
288 3823 403 3893 Gotting.
415 3823 464 3896 gel.
479 3825 541 3873 rina.
556 3819 617 3871 anni
632 3822 707 3884 1785,
720 3840 764 3872 nu.
779 3821 840 3886 148,
850 3842 874 3890 p.
888 3821 956 3892 ¹479·
980 3867 982 3870 Α

155 3917 237 3968 ²Non
252 3926 291 3968 est
304 3925 409 3977 autem,
426 3915 496 3982 quod
512 3916 593 3965 istum
611 3931 702 3964 curam
723 3914 835 3976 impotes
851 3911 917 3962 mihi
932 3931 939 3963 .·
955 3910 1046 3962 morbo
1067 3911 1135 3961 enim
1155 3918 1201 3958 tuo

125 4009 320 4075 (enthusiasmo
335 4004 450 4080 poetico)
468 4006 579 4058 daturus
593 4023 653 4057 eros
672 4005 778 4056 etiamsi
793 4021 867 4055 nemo
882 4003 1024 4054 mandaret
1039 4000 1105 4064 tibi,
1123 4000 1203 4050 donec

123 4102 242 4155 AEtnam
253 4101 385 4155 describas
398 4101 426 4150 in
436 4108 481 4150 tno
491 4098 605 4151 carmine
615 4135 622 4162 ,
634 4107 659 4149 et
668 4095 735 4150 dunc
744 4099 884 4149 solemnem
894 4094 1013 4146 cornibus
1021 4094 1104 4160 poetis
1116 4091 1201 4143 locum

124 4196 248 4261 attingus.
