2648 4792
479 398 775 469 beneseto.
1116 405 1160 497 37

85 540 256 623 composita
268 552 351 613 sunt,
363 540 415 600 ubi
426 540 563 601 ultimam
574 540 794 624 praepositionis
804 560 969 602 consonam
983 562 1052 604 cum
1063 543 1163 626 prima

85 667 222 707 consona
231 646 315 707 verbi
324 645 540 726 colliquescere
552 646 672 723 volunt,
685 666 747 707 non
759 646 858 707 solum
872 646 1086 709 vetustissimus
1094 669 1164 711 nos·

85 767 132 814 ter
140 755 237 815 codex
246 776 274 813 u.
284 754 418 814 nativam
424 754 645 837 praepositionis
653 774 818 816 consonam
825 753 1019 836 pertinaciter
1026 755 1164 838 plerum-

85 883 145 941 que
171 874 291 936 servat,
310 880 416 921 verum
440 861 574 942 ejusdem
590 861 685 921 moris
698 859 866 940 frequentia
884 860 975 923 etiam
991 862 1116 945 vestigia
1132 865 1164 924 in

87 969 156 1029 aliis
170 969 327 1030 codicibus
339 968 387 1050 (iu
402 967 494 1049 paulo
512 968 724 1029 vetustioribus
740 969 927 1051 praesertim,
953 982 986 1029 ut
1005 969 1037 1029 in
1061 984 1165 1032 nostro

87 1096 143 1136 ms
161 1076 188 1134 b.
206 1089 236 1135 et
249 1076 318 1135 Pur.
331 1079 358 1135 b.
382 1074 507 1155 aliisque
532 1074 640 1155 quibus
661 1072 835 1157 Opsopoeus
848 1097 919 1136 usus
942 1089 1024 1149 erat,
1044 1078 1098 1137 sed
1112 1098 1162 1139 su·

87 1180 553 1261 bindeetiaminrecentioribus)
561 1195 679 1242 servata
688 1181 961 1264 deprehenduntur.
969 1179 1011 1243 Et
1020 1183 1050 1243 in
1063 1183 1167 1247 verbis

86 1289 211 1367 quidem
228 1308 264 1347 ex
278 1288 319 1346 ud
331 1287 507 1369 compositis
522 1287 674 1347 neminem
688 1307 872 1370 magnopere
889 1286 1035 1348 offensum
1046 1287 1084 1348 iri
1094 1309 1166 1350 con·

88 1393 166 1469 fido,
183 1414 279 1474 quum
293 1414 338 1454 ex.
350 1415 395 1476 gr.
407 1395 536 1454 adscibere
550 1407 581 1455 et
597 1394 732 1453 umidum
749 1392 869 1454 anobis
882 1394 1026 1477 scriptum
1041 1397 1163 1473 viderit,

87 1514 116 1561 et
128 1499 427 1579 udficem,'udfectus,
443 1501 615 1580 ucifirmure,
627 1502 765 1579 adgredi,
777 1502 921 1578 adligare,
935 1503 1096 1583 adquirere,
1109 1505 1166 1563 ud-

83 1609 208 1687 peilure,
231 1608 397 1681 udsuruere,
420 1608 589 1681 adtendere,
612 1608 791 1681 adeslerum,
812 1620 842 1668 et
864 1606 911 1667 bis
933 1606 1073 1684 similia',
1099 1631 1165 1690 quce

85 1712 220 1792 alioquin
232 1713 326 1773 etiam
339 1713 504 1773 multorum
524 1715 682 1774 doctorum
698 1715 835 1775 virorum
849 1734 903 1774 usu
920 1713 989 1774 trita
1005 1728 1081 1775 sunt.
1098 1713 1166 1779 Nec

86 1819 139 1880 illa
152 1818 242 1880 facile
258 1818 459 1900 reprehendet
468 1819 576 1900 aliquis
588 1841 623 1880 ex
633 1821 685 1880 sub
695 1820 862 1904 composita
874 1866 882 1892 ,
895 1822 1052 1900 subripere,
1068 1819 1128 1906 Ep.
1140 1838 1162 1896 t,

87 1922 105 2005 §
124 1947 159 1997 a,
186 1944 223 1984 ex
244 1946 317 1986 mss.
334 1948 364 1983 u.
388 1939 419 1986 et
434 1927 463 1985 b.
483 1939 513 1988 et
533 1924 631 2008 Epist.
649 1943 789 2002 txxvttt,
806 1926 825 2009 ᾗ
845 1927 885 2002 3,
901 1949 937 1989 ex
954 1950 1025 1990 mss.
1041 1929 1067 1988 b.
1090 1942 1121 1990 et
1135 1952 1163 1990 c.

85 2045 137 2092 aut
149 2030 285 2111 subfirsu,
303 2033 384 2112 quod
397 2029 547 2116 Opsopoei
566 2034 751 2095 membranae
767 2035 800 2093 in
817 2032 918 2116 Epist.
932 2050 1066 2110 txxvtt,
1088 2034 1107 2115 ἓ
1123 2034 1163 2107 8,

85 2138 217 2198 dedere:
240 2157 295 2198 nec
317 2160 488 2197 summovere
507 2151 560 2198 aut
581 2143 754 2198 summittere
773 2137 893 2219 aliaque
917 2139 988 2198 talia
1005 2137 1162 2214 maluerit,

85 2263 193 2324 quam,
219 2243 300 2322 quod
319 2263 376 2304 nos
395 2263 465 2304 cum
489 2243 590 2303 msstis
612 2243 766 2318 dedimus,
785 2245 959 2318 submouere,
978 2245 1164 2306 ’submittere

84 2348 160 2410 Jam
177 2369 252 2410 vero
270 2349 363 2410 verba
380 2369 417 2410 ex
435 2371 498 2408 cum
522 2350 689 2430 composita
708 2350 749 2410 ita
769 2348 882 2410 sormat
903 2351 997 2411 codex
1014 2373 1042 2410 u.
1058 2364 1090 2412 ut
1106 2352 1164 2438 syl-

84 2454 190 2518 labam
205 2477 277 2530 cou,
292 2477 358 2535 quae
372 2456 403 2516 in
420 2456 486 2517 istis
499 2455 602 2516 verbis
615 2455 685 2518 loco
699 2455 779 2517 illius
791 2456 1010 2540 praepositionis
1024 2459 1098 2540 poni
1110 2477 1161 2547 so·
1262 2509 1265 2514 .

118 2659 128 2687 ¹
139 2656 239 2708 Tamen
246 2658 389 2722 attonitus,
400 2661 493 2711 attinet
497 2695 506 2720 ,
516 2669 541 2709 et
549 2657 600 2709 sliu
608 2657 733 2709 nonnulle
743 2694 751 2722 ,
760 2656 884 2727 absqned
895 2655 976 2708 litters
982 2657 1082 2729 scripsi,
1095 2677 1161 2710 con-

83 2739 248 2792 sentientibus
261 2740 330 2793 libris
341 2740 468 2794 omnibus.

115 2827 129 2855 ²
142 2824 250 2896 AEgrius
266 2825 368 2878 sortasse
384 2826 473 2898 aliquis
484 2846 599 2900 passurus
616 2827 701 2880 bnsset
715 2826 871 2892 subsibilat,
886 2827 953 2899 quod
974 2827 1001 2878 in
1017 2828 1064 2901 Ep.
1080 2843 1161 2892 Lxxt,

84 2906 159 2961 dabat
179 2928 226 2960 ms.
248 2910 272 2961 b.
294 2930 351 2962 cum
366 2911 405 2964 ed.
418 2913 494 2964 Rom.
504 2949 512 2977 ,
534 2925 576 2964 aut
598 2913 757 2978 substinent,
773 2912 841 2982 qnod
855 2911 931 2963 habet
952 2911 1028 2963 editio
1046 2911 1121 2962 Rom.
1133 2912 1162 2963 in

83 2993 165 3067 Epist.
176 3008 286 3058 Lxxxt't,
296 3012 352 3064 quat
363 2994 467 3064 quidem
478 2995 596 3068 adoptare
609 2995 722 3048 dubitavi
733 3034 741 3061 ,
753 2994 925 3048 anctoritatem
933 2995 1024 3048 vetusti
1035 2995 1129 3048 codicis
1135 3017 1161 3048 u.

82 3076 244 3139 desiderans,
256 3076 301 3147 qui
313 3077 358 3130 illa
370 3091 438 3149 parte
448 3078 618 3151 Epistularum
630 3091 706 3132 caret.
718 3079 832 3132 Subinde
844 3101 904 3133 vero
917 3081 1009 3143 etism,
1020 3092 1046 3133 st
1059 3099 1161 3147 perraro

82 3172 168 3214 umen
184 3198 192 3224 ,
211 3161 291 3213 invito
306 3162 395 3213 eodem
412 3161 498 3215 codice
513 3163 621 3237 (qnippe
640 3183 694 3217 non
706 3163 764 3216 satis
776 3177 905 3217 constante
916 3165 982 3231 sibi)
991 3163 1098 3215 verbum
1107 3162 1162 3214 ali-

81 3242 151 3311 quod
165 3242 197 3293 ad
217 3242 361 3313 analogiam
377 3242 481 3312 reliquae
496 3244 621 3297 scribendi
638 3245 742 3298 rationis
757 3258 861 3299 conatus
878 3266 933 3298 sum
953 3243 1092 3315 refingere3
1110 3264 1161 3314 quo

81 3326 160 3378 modo
166 3325 304 3378 subcrescit
310 3345 355 3399 pro
367 3332 499 3381 succrescit
506 3330 606 3401 scripsi,
620 3331 699 3403 Epist.
713 3344 755 3382 xc.
768 3330 821 3382 Sed
837 3333 980 3394 succidere,
1001 3348 1162 3398 succurrere,

80 3409 141 3463 item
151 3429 296 3474 occurrere,
310 3429 452 3480 opportere,
467 3415 627 3481 opprimere,
643 3425 667 3465 et
684 3413 724 3467 his
741 3413 850 3478 similia,
861 3425 889 3465 nt
903 3411 971 3463 idern
988 3411 1043 3463 cod.
1057 3432 1084 3464 o.
1102 3432 1161 3467 cum

84 3496 137 3549 aliis
149 3495 241 3557 dabat,
252 3495 287 3547 sic
299 3495 368 3547 tenni
379 3516 387 3558 ς
400 3497 514 3566 quamvis
524 3517 553 3549 ex
564 3497 667 3569 paritste
678 3497 782 3550 rationis
792 3497 930 3560 subsidere,
939 3496 1102 3564 subcurrere,
1116 3498 1160 3550 ob-

83 3598 191 3641 currere,
200 3578 334 3644 obponere,
343 3576 493 3645 obprimere,
503 3579 579 3631 scribi
587 3579 723 3647 debuisset,
734 3578 950 3650 quemadmodum
964 3577 1040 3630 etiam
1052 3579 1162 3633 obruent

86 3666 150 3727 (uon
164 3662 290 3726 marui)
310 3679 366 3712 cum
380 3661 472 3713 eodem
487 3663 542 3714 cod.
554 3683 580 3715 o.
593 3663 714 3716 editiones
731 3683 832 3734 quoque
851 3681 938 3714 omnes
949 3661 1008 3715 inde
1023 3682 1037 3714 a
1049 3662 1160 3736 principe

85 3747 202 3798 Romana
210 3745 309 3796 dedere.
319 3745 349 3796 Et
358 3744 597 3816 simillimaquidem
606 3749 705 3801 ratione
719 3748 794 3800 ctiam
811 3747 974 3800 subcumbere
984 3746 1069 3799 scribit
1082 3747 1161 3798 codex

87 3842 169 3880 noster
180 3827 205 3878 b.
212 3847 271 3878 cum
282 3828 322 3878 cd.
331 3829 407 3880 Rom.
415 3828 442 3879 in
451 3828 528 3902 Epist.
538 3830 759 3895 Lxx1,ubitamen
767 3829 898 3902 vulgatum
910 3830 1070 3881 succumbere
1079 3827 1160 3888 tenui,

86 3910 206 3980 quonism
222 3909 314 3961 ibidem
329 3911 413 3982 paucis
426 3923 483 3964 ante
496 3913 578 3965 verbis
589 3914 717 3966 succidere
729 3910 844 3965 scribitur
855 3910 1069 3964 consentientibus
1083 3910 1161 3963 libris.

86 3993 183 4045 Rursus
198 3998 317 4046 omittere
327 3995 397 4045 tenui
408 4014 465 4047 cum
477 3999 533 4049 cod.
547 4017 573 4048 a.
585 4008 609 4048 et
621 3995 802 4048 recentioribus
810 3994 962 4047 editionibus
970 4014 977 4057 ;
986 3995 1045 4047 licet
1054 3995 1085 4047 ad
1095 4014 1162 4047 sna·

86 4076 182 4147 logiam
199 4076 292 4129 veteris
307 4079 435 4151 scripturae
452 4080 557 4153 supersit
572 4083 687 4133 obmr'sso
695 4082 819 4148 principio
831 4080 859 4133 in
880 4081 919 4132 cd.
942 4083 976 4132 A.
995 4091 1019 4130 et
1030 4079 1073 4132 ed.
1087 4078 1162 4128 Rom.

87 4158 163 4233 Epist.
187 4175 253 4228 xcv,
271 4174 295 4212 et
313 4162 435 4217 obmissis
455 4165 465 4232 (
475 4185 519 4237 pro
540 4165 663 4231 omissis)
683 4163 709 4216 iu
729 4164 768 4217 ed.
785 4166 858 4216 Rom.
874 4165 921 4236 Ep.
938 4179 1014 4218 etur.
1043 4162 1161 4231 Denique
