2648 4792
484 385 790 457 onerario.
1117 391 1166 489 aa
1194 400 1195 403 Ν

90 555 158 616 quae
170 545 240 595 ante
253 551 401 614 nuperam
415 528 604 613 Lipsiensem
618 528 813 612 prodierunt,
830 530 869 590 ad
882 528 1028 611 Lipsio'nn
1041 533 1172 594 editionis
1193 603 1195 607 ‚

90 639 268 723 exemplum
293 638 352 699 sint
372 659 540 720 expressae,
569 637 673 719 paucis
696 637 772 698 locis
794 637 943 718 exceptis,
968 638 1075 718 quibus
1090 638 1171 701 vela

90 747 237 807 Gmnooio
253 744 424 806 emendatio
442 745 578 823 quaedam
592 742 682 803 allata
697 755 758 815 est,
774 740 823 803 vel
842 742 925 804 aliud
934 741 1047 824 aliquid
1056 744 1172 824 (nescio

91 872 154 930 quo
167 870 253 922 casu,
268 871 365 930 quave
379 849 502 925 fiducia)
513 850 545 908 in
556 847 709 909 nonnullis
720 848 900 911 editionibus
911 894 920 920 ,
933 872 999 930 quae
1013 863 1083 932 post
1092 849 1173 912 Gro-

91 957 240 1017 novianas
255 958 417 1037 prodiere,
431 955 558 1016 subinde
570 954 626 1015 luit
640 967 797 1015 mutatum.
813 952 856 1016 Et
868 956 990 1035 quidem
1002 957 1120 1019 neritus
1132 978 1172 1019 ne

92 1063 124 1122 in
137 1084 245 1124 earum
260 1062 352 1124 etiam
365 1062 530 1123 editionum
551 1061 669 1142 aliqua,
687 1083 751 1141 quae
770 1060 932 1142 repetitum
945 1064 1038 1143 ipsum
1053 1063 1173 1145 Lrpsio-

91 1192 163 1230 nnm
173 1171 333 1250 exemptum
347 1167 490 1229 exhibere
504 1167 729 1250 profiterentur,
747 1167 858 1249 passim
874 1167 933 1227 alia
943 1170 1079 1248 quaedam
1095 1169 1173 1232 scri·

91 1290 200 1358 ptura,
219 1275 282 1336 sire
296 1296 352 1357 per
372 1294 536 1358 operarum
554 1293 713 1350 errorem,
736 1273 798 1334 sive
821 1295 877 1356 per
890 1276 1070 1337 correctoris
1082 1289 1173 1360 typo-

90 1379 230 1464 grapbici
239 1381 461 1456 temeritatem,
474 1381 507 1439 in
517 1379 619 1441 locum
633 1380 786 1462 scripturae
798 1380 915 1463 abipso
928 1377 1033 1464 Lipsio
1044 1396 1172 1468 receptae

91 1486 283 1569 irrepsisset3
302 1486 441 1547 eamdem
454 1483 539 1545 illam
549 1487 675 1566 primam
696 1485 863 1562 edt'it'tmem,
881 1507 972 1567 quam
986 1488 1078 1569 paulo
1101 1502 1170 1551 ante

90 1592 281 1663 memoravi,
298 1611 391 1651 imam
406 1610 424 1650 a
440 1589 540 1670 lipsio
551 1590 643 1651 etiam
655 1603 725 1651 tunc
738 1591 895 1673 superstite
911 1605 1061 1669 curatam,
1078 1614 1171 1677 sepo-

89 1699 157 1761 sitis
167 1698 236 1760 aliis
252 1697 454 1759 adhibendam
469 1698 572 1779 putavi
582 1711 602 1756 ¹.

130 1804 275 1886 Denique
288 1804 335 1864 do.
350 1803 499 1864 frederico
525 1802 664 1867 Gronooio
680 1816 823 1884 qnantum
837 1804 945 1866 debeat
956 1802 1089 1882 Seneca,
1113 1826 1171 1868 ne-

91 1910 209 1970 minem
232 1908 324 1992 fugit,
347 1909 399 1990 qui
419 1908 468 1970 vel
482 1908 589 1990 primis
605 1909 693 1970 labiis
715 1909 909 1972 humaniores
931 1911 1027 1995 attigit
1046 1910 1169 1977 litteras.

90 2015 154 2097 Qui
167 2014 291 2096 quidem
303 2015 361 2090 vir,
376 2034 438 2074 non
454 2015 554 2076 minus
570 2014 727 2097 prudentia
741 2017 965 2096 modestiaque,
979 2039 1071 2098 quam
1090 2018 1171 2102 inge·

90 2124 143 2184 nio
163 2136 195 2183 et
210 2121 346 2183 doctrina
368 2120 533 2196 excellens,
553 2134 585 2181 et
604 2122 634 2181 in
654 2122 840 2203 corrigendis
864 2124 1014 2204 corruptis
1034 2137 1171 2193 veterum

89 2244 251 2292 anctorum
265 2228 341 2291 locis
354 2227 481 2290 nimium
499 2229 564 2289 sere
576 2228 713 2303 timidus,
732 2229 764 2286 in
778 2225 923 2309 Lipsiano
936 2242 1078 2290 contextu
1090 2251 1171 2293 non—

89 2338 149 2398 nisi
162 2357 261 2419 panca
273 2339 321 2414 (ut
337 2338 429 2396 modo
445 2335 594 2410 dicebam)
609 2335 751 2406 mutavit;
772 2336 810 2395 de
830 2335 968 2417 plurimis
984 2339 1171 2402 rerocorri-

90 2446 197 2528 gendis
210 2445 241 2504 in
258 2443 386 2526 egregiis
400 2445 431 2502 in
446 2444 582 2503 Senecam
597 2440 685 2501 Notis
708 2454 864 2529 perspecte
889 2444 1023 2521 monuit,
1047 2457 1078 2506 et
1099 2467 1171 2518 cor-

89 2551 187 2633 ruptis
201 2550 294 2612 etiam
308 2563 378 2612 tunc
398 2549 474 2610 locis
497 2549 575 2610 bene
598 2548 700 2608 multis
728 2562 906 2630 praesentem
931 2549 1045 2612 ibidem
1072 2554 1171 2616 attulit

91 2657 290 2732 medicinam,
304 2678 376 2718 cum
385 2677 422 2716 ex
434 2656 535 2716 msstis
546 2654 698 2716 codicibus
706 2666 729 2730 ²,
743 2668 807 2715 tum
818 2655 943 2718 subinde
954 2679 990 2718 ex
1001 2661 1170 2743 perspicaci

48 2754 52 2763 ’
88 2764 263 2844 conjectura
284 2775 432 2844 paratam.
454 2758 686 2823 Gronovianum
706 2774 876 2824 contextum
898 2764 1090 2848 ejusdemquo
1111 2769 1169 2830 viri

123 3030 134 3058 ¹
148 3024 295 3077 Editionem
308 3023 379 3075 illam
390 3022 608 3092 Aninerpiensem
617 3041 687 3073 anno
697 3022 786 3075 MDC
787 3024 817 3074 V
826 3043 958 3094 procusam
974 3012 1118 3078 constanter
1133 3027 1165 3078 ob

89 3107 178 3162 oeulos
192 3121 217 3160 et
229 3108 256 3159 in
268 3107 355 3167 animo
369 3107 446 3158 habui
458 3143 466 3170 ‚
478 3106 575 3177 quoties
588 3107 615 3158 in
628 3106 702 3159 Notis
713 3108 804 3158 nostris
817 3108 907 3160 criticis
925 3109 1014 3176 lipsii
1029 3112 1166 3163 editionem
1227 3101 1234 3112 ⁴

92 3195 158 3260 (boe
168 3195 297 3266 scripturn
308 3192 459 3265 compendio
470 3207 542 3246 utens
552 3231 560 3257 ,
569 3194 609 3245 ed.
617 3191 711 3259 lips.)
722 3192 806 3244 citavi.
818 3195 850 3245 In
861 3193 1054 3258 eisdemNotis,
1067 3216 1098 3246 ne
1110 3216 1166 3247 am-

88 3279 212 3353 bignitate
222 3278 350 3331 falleretur
363 3278 468 3343 Lector,
479 3297 601 3350 nuperam
614 3277 771 3344 lr'psr'ensern
781 3280 918 3330 editionem
931 3298 1060 3348 nunquam
1071 3278 1119 3332 hoc
1136 3281 1166 3333 ti·
1244 3314 1246 3319 ·

89 3363 144 3416 tnlo
153 3360 244 3425 citari,
253 3361 311 3426 aed,
319 3358 363 3412 ubi
372 3358 403 3409 de
414 3378 443 3410 ea
453 3358 536 3430 agitur
544 3398 552 3424 ,
561 3368 702 3412 constanter
709 3357 818 3410 Editoris
831 3358 977 3428 Rubicopfii
984 3359 1089 3411 nomine
1098 3360 1163 3416 banc

89 3447 220 3520 insigniri.

122 3538 135 3567 ²
149 3533 213 3585 Tm
221 3532 297 3584 codd.
310 3539 405 3582 mastos
416 3528 587 3599 Epistolarom
600 3528 702 3581 Sonare
713 3539 803 3600 praesto
814 3527 890 3578 fnisse
907 3525 1036 3582 Gronon'o
1049 3533 1162 3605 reperio:

90 3620 216 3692 primurn,
225 3615 394 3669 membranas
401 3633 460 3683 once
468 3610 728 3682 nlr'qnondosueront
742 3610 850 3663 Gruteri
858 3650 866 3675 ,
879 3614 995 3664 nondum
1006 3624 1094 3668 tamen
1104 3638 1163 3671 cnm

92 3723 155 3756 suns
166 3701 417 3754 Artimadoersiones
425 3699 508 3749 ederet
517 3713 526 3755 ,⁶
534 3716 639 3769 quarum
652 3695 758 3746 membr.
771 3695 926 3746 mentionem
936 3696 994 3748 lecit
1004 3697 1032 3750 in
1045 3699 1118 3755 Praei.
1130 3704 1162 3755 ad

92 3788 217 3839 minorem
230 3784 287 3836 edit.
298 3782 404 3835 Elserir.
414 3781 483 3852 1649.
492 3780 591 3849 Quibus
599 3799 721 3832 accessere
735 3776 825 3829 deinde
837 3781 880 3844 (ut
889 3779 962 3832 docet
973 3781 1040 3834 idem
1052 3784 1162 3838 Gronov.

92 3869 117 3920 in
128 3869 283 3923 Praeiatione
296 3867 421 3920 decennio
436 3878 490 3939 post
503 3865 605 3937 scripta,
618 3883 696 3935 quum
712 3875 862 3936 repeteretur
875 3863 962 3916 eadem
981 3866 1065 3919 minor
1085 3870 1161 3923 editio

92 3952 266 4019 Elsevisiana)
285 3951 334 4003 duo
353 3951 395 4003 'alii
410 3950 524 4017 codices,
541 3950 602 4001 alter
618 3948 786 4018 Erfurdensis
804 3950 875 4011 (non
893 3951 1085 4005 confundendus
1103 3973 1161 4007 cum

93 4038 280 4111 Amploniano,
291 4035 320 4090 de
331 4056 380 4106 quo
392 4054 465 4106 supra
473 4034 568 4087 dictum
576 4038 603 4099 ),
615 4034 677 4085 alter
689 4035 745 4086 Nic.
757 4034 874 4100 Heinsii5
884 4055 912 4088 ac
925 4048 1042 4108 practerea
1054 4058 1082 4089 ex
1094 4038 1161 4090 duo-

92 4119 135 4172 bns
146 4118 277 4174 codicibus
288 4117 493 4172 Bruxellensibus
508 4116 612 4186 aliisque
626 4129 744 4189 excerptas
758 4116 897 4170 Lectiones.

213 4216 276 4285 111.
994 4210 1016 4282 3
