2648 4792
459 374 756 474 rensuum.
874 450 877 455 .
1113 430 1152 498 19

73 546 263 629 descriptum
273 589 281 620 ,
293 544 395 625 inquo
405 542 498 606 verba
512 565 596 628 pene
611 546 714 607 ornnia
729 545 831 629 prisco
842 566 931 609 more
944 548 1021 610 inter
1035 567 1069 611 ee
1079 566 1154 610 con-

73 651 308 732 nexanulloque
319 649 480 712 interstitio
491 651 631 714 distincta
641 650 766 715 luissent
777 697 786 727 ,
799 653 868 715 inde
879 653 1065 737 intelligitur,
1075 656 1156 736 quod

76 757 112 818 in
133 759 243 820 eodem
261 769 365 818 nostro
388 755 492 819 codice
514 757 686 820 etiamnunc
700 757 802 820 multis
819 759 850 819 in
863 759 939 820 loeis
952 779 1014 820 non
1029 761 1155 823 discreta

24 944 29 951 ι
77 863 202 925 interse
215 861 310 923 verba
324 874 413 936 sunt,
427 862 480 923 sed
490 862 608 944 penitus
615 883 762 926 connexa.
774 862 866 944 Quod
877 885 951 926 vero
966 865 1058 927 etiam
1067 879 1156 946 etque

78 970 174 1031 etiarn
188 967 351 1038 dolendum
375 980 436 1041 est,
461 967 581 1030 nonnisi
601 970 722 1051 tertiam
737 969 802 1031 sere
816 982 936 1052 partem
948 967 1157 1054 Epistularum

79 1076 203 1138 Senem
226 1075 382 1138 continent
398 1074 451 1136 'hae
469 1074 664 1138 membranae.
686 1073 875 1157 Namqunm
889 1076 1063 1139 universum
1080 1097 1157 1160 opus

77 1203 137 1266 per
152 1181 211 1242 tria
225 1180 381 1243 volumina
398 1180 472 1242 olim
486 1194 566 1243 esset
582 1179 792 1257 distributum,
811 1201 941 1264 qnorum
953 1182 1087 1266 primum
1101 1186 1158 1262 (ut

77 1289 238 1372 suspicor)
254 1284 314 1372 Ep.
331 1303 391 1360 Ula
407 1286 537 1350 alterum
560 1283 622 1371 Ep.
640 1302 713 1364 mn,
734 1309 828 1370 usque
844 1271 1008 1365 cxxxviii,
1033 1290 1156 1352 tertium

77 1395 213 1476 reliquas
225 1394 267 1456 ab
276 1392 336 1488 Ep.
348 1409 468 1455 nxxxlx
478 1410 632 1470 μειοῦν,
650 1394 923 1480 complectebatur;
939 1396 969 1456 in
984 1409 1086 1458 nostro
1097 1398 1157 1460 hoc

75 1503 182 1564 codice
194 1500 260 1563 l'ere
275 1501 397 1562 nonnisi
410 1513 565 1583 postrema
583 1522 668 1585 pars,
690 1522 725 1563 ac
747 1523 785 1563 ne
802 1502 866 1564 baec
883 1501 1004 1584 quidem
1021 1506 1154 1586 integra,

74 1608 257 1671 continetur.
263 1605 360 1669 Periit
373 1605 453 1668 enim
465 1608 478 1684 (
489 1627 524 1668 ac
537 1606 637 1668 nescio
653 1627 691 1668 an
705 1608 767 1689 jam
782 1607 856 1668 olim
871 1608 902 1670 in
918 1628 955 1670 eo
972 1609 1153 1692 exemplari,

72 1716 192 1796 dequo
211 1712 377 1795 descriptus
399 1724 444 1772 est
464 1712 559 1782 codes
579 1725 693 1784 noster,
712 1712 892 1785 desideratus
908 1712 1019 1791 inerit)
1038 1715 1155 1797 primus
1244 1784 1248 1791 ¹

71 1818 254 1900 quaternio,
274 1817 325 1899 qui
349 1813 410 1901 Ep.
434 1832 553 1879 cxxxix
572 1828 606 1884 ¹et
630 1816 765 1899 priorem
788 1831 907 1901 partem
928 1815 987 1902 Ep.
1007 1837 1046 1880 xc
1061 1865 1070 1897 ,
1088 1833 1156 1881 erat

22 1931 35 1939 “’
71 1923 251 2007 complexus
263 1945 271 1982 ε
283 1925 367 2005 eujus
381 1921 539 1998 inlocum,
553 1943 591 1984 ne
606 1922 756 1984 delectum
770 1946 836 1986 sese
850 1926 951 2008 primo
965 1926 1156 2009 intuitupro-

71 2033 161 2091 deret
175 2030 270 2092 codex
290 2042 406 2103 noster,
430 2026 603 2089 substitutus
621 2042 667 2090 est
685 2030 801 2112 primus
818 2033 974 2111 quaternio
992 2032 1155 2104 voluminis

68 2134 164 2218 primi
178 2136 286 2197 eadem
300 2140 352 2211 (ut
368 2133 501 2212 videtur)
518 2154 627 2210 manu,
650 2134 813 2196 simillimis
829 2149 910 2196 certe
927 2136 1037 2203 calami
1055 2138 1156 2202 ducti·

70 2240 149 2317 bus,
168 2239 278 2321 quibus
292 2240 465 2321 sequentia,
480 2240 663 2322 descriptus;
682 2260 742 2319 quo
764 2239 952 2302 eontinentur
968 2242 1055 2303 Pauli
1065 2241 1154 2326 Apo-

66 2347 142 2409 stoli
153 2351 329 2418 etScnecae,
341 2367 404 2427 quae
415 2346 490 2406 olim
501 2344 687 2418 ferebantur,
700 2344 845 2428 epistolae,
860 2366 928 2409 cum
940 2349 1055 2411 duabus
1068 2351 1154 2434 prIo-
1187 2350 1190 2356 ’

70 2454 160 2516 ribus
168 2451 315 2537 Epistolis
325 2454 365 2514 ad
373 2450 524 2525 Lucilium
534 2464 563 2512 et.
575 2464 659 2535 parte
671 2451 765 2514 tertiae
777 2449 921 2536 Epistolae
927 2501 937 2533 ,
947 2456 1048 2522 inluec
1059 2458 1151 2526 verba

70 2561 247 2638 desinente,
263 2563 381 2622 alterum
396 2562 492 2626 tutius,
505 2561 555 2622 Sic
568 2548 716 2642 auosque,
736 2574 792 2623 etc.
806 2583 872 2640 quae
894 2562 988 2629 uerba
1003 2567 1042 2626 ad
1063 2565 1153 2628 linem

69 2669 221 2751 leguntur.
232 2666 314 2729 Tum
328 2687 402 2729 vero
414 2667 560 2729 secundus
569 2667 728 2747 quaternio
739 2666 834 2731 abhis
844 2667 980 2758 abruptis
991 2671 1092 2734 verbis
1102 2673 1154 2733 in-

71 2776 161 2858 cipit,
177 2774 267 2836 rendu
276 2775 383 2834 arabus
389 2773 525 2854 ficimus.
537 2772 652 2853 Sufficit
665 2775 705 2833 nd
718 2775 751 2834 id
762 2786 865 2836 nemra
872 2823 883 2853 ,
895 2789 952 2838 etc.
965 2799 1029 2859 quae
1039 2791 1107 2839 sunt
1116 2802 1152 2842 ex

69 2881 272 2966 Epistolaitc.
284 2879 404 2942 Dehinc
416 2893 516 2940 autern
531 2879 672 2941 continuo
688 2893 792 2943 tenore
808 2881 931 2963 reliquae
947 2904 1054 2947 omnes
1071 2884 1153 2969 Epi-

74 2990 175 3064 stulae,
188 3010 256 3070 quae
270 3001 300 3049 et
313 2987 345 3049 in
355 2985 423 3048 aliis
440 2984 592 3048 codicibus
601 2986 639 3047 ad
652 2999 770 3048 etatem
781 3002 917 3050 nostram
931 3006 1152 3073 pervenerint,

73 3108 248 3178 seqrrmtur.
265 3091 416 3157 Ceterum
431 3095 468 3154 de
483 3092 571 3175 hujus
591 3089 715 3163 Codicis
730 3097 900 3176 praestantia
917 3097 960 3157 nil
974 3118 1049 3176 opus
1063 3112 1153 3160 estut
1260 3099 1261 3103 ’

75 3203 163 3286 plura
176 3200 227 3263 laic
242 3198 335 3261 rerba
349 3198 477 3262 faciam:
494 3199 546 3280 qui
559 3212 703 3280 quantum
720 3201 809 3262 nobis
826 3203 864 3264 ad
881 3206 1068 3265 emendanda
1083 3205 1152 3265 vul-

75 3323 143 3393 gata
160 3305 370 3391 Epistularum
384 3304 494 3366 harum
506 3305 689 3387 exemplaria
701 3307 873 3380 contulerit,
888 3330 923 3369 ex
939 3307 1051 3370 criticis
1061 3307 1151 3373 Notis

75 3415 186 3479 nostris
203 3413 322 3475 abunde
340 3411 531 3495 intelligetur.
554 3408 634 3473 Illud
649 3423 682 3471 ut
698 3432 840 3473 moneam
853 3434 916 3472 non
932 3413 1024 3473 luerit
1035 3413 1075 3491 ab
1091 3413 1150 3477 boc

75 3523 144 3586 loeo
160 3520 311 3593 alienum,
331 3538 488 3603 superesse
504 3517 535 3576 in
549 3517 658 3577 eodem
680 3517 782 3578 codice
806 3518 888 3579 clara
900 3518 1025 3602 vestigia
1038 3521 1151 3582 veteris

75 3625 292 3691 distributionis
305 3621 512 3707 Epistularum
525 3619 648 3684 Senecae
659 3621 690 3681 in
699 3611 872 3707 complures
885 3623 980 3688 libros
990 3648 998 3697 ;
1010 3647 1074 3704 quae
1084 3627 1151 3688 dis·-

76 3735 199 3796 tributio
216 3753 305 3814 quum
327 3730 389 3811 jam
412 3727 450 3791 A.
473 3725 568 3790 Gellii
586 3741 672 3789 aetate
693 3727 798 3790 luisset
812 3728 843 3788 in
859 3749 931 3806 inu,
947 3730 977 3789 in
994 3731 1147 3813 plerisque

76 3841 180 3903 deinde
197 3835 350 3901 codicibus
366 3834 502 3918 neglecta
516 3847 581 3908 est,
600 3833 631 3894 in
649 3832 715 3899 aliis
732 3854 805 3895 vero
826 3834 867 3895 ita
882 3848 1015 3912 mutata,
1031 3851 1064 3898 nt
1077 3860 1147 3900 etun

81 4047 110 4112 ei,
116 4063 171 4116 qnae
178 4045 205 4102 in
216 4042 320 4118 antiquo
330 4040 423 4093 Codice
431 4038 565 4092 &nonum
577 4038 738 4111 conspicitur,
747 4038 862 4108 quijussu
873 4039 1019 4104 liaebionis,
1027 4041 1144 4116 Episcopi

82 4127 293 4199 Argentoratensis
304 4143 373 4176 anno
383 4121 474 4177 Christi
487 4122 548 4190 787,
563 4120 698 4190 descriptus
710 4132 746 4169 est
756 4137 762 4169 z
772 4119 842 4190 cujus
852 4118 946 4171 codicis
957 4119 1072 4172 notitiam
1085 4144 1144 4175 cum

84 4212 136 4262 arbe
146 4212 254 4264 litterato
265 4206 461 4267 communicavit
474 4205 571 4278 collega
587 4216 673 4277 noster
688 4205 747 4255 Chr.
762 4203 834 4278 quit.
850 4204 943 4265 Koch,
963 4203 990 4255 in
1004 4206 1105 4258 Nolim
1119 4219 1144 4258 et

86 4291 199 4346 Eximits
211 4296 257 4346 des
271 4291 341 4345 Mas·
349 4293 383 4347 dt
394 4293 422 4343 la
433 4289 603 4358 bibliotloefque
612 4289 760 4353 riatiomtlc,
773 4299 833 4340 tom.
845 4287 911 4349 Vll,
926 4304 983 4356 pag.
1000 4288 1045 4353 ¹73
1056 4307 1109 4357 sqq.
