2648 4792
464 387 761 462 PRAEFATIO.
1114 398 1151 463 1⁵

74 532 256 597 editionibus
269 533 460 609 earumdem,
476 553 541 615 quse
551 533 671 597 decimo
681 534 786 615 quinto
802 534 911 598 soeculo
927 536 1085 618 prodiere,
1100 536 1152 600 in-

75 640 227 723 telligitur.
248 636 349 714 Nam,
370 651 403 699 ut
422 637 633 701 incredibilem
650 660 813 703 numerum
835 641 974 702 omittam
988 641 1156 705 editionum

74 746 177 808 omnia
197 742 323 808 Senecae
347 764 443 828 opera
466 743 749 828 complectentium,
766 767 831 827 qm
843 747 921 809 intra
940 749 999 809 duo
1015 750 1155 832 proximo

74 851 201 927 saecule,
214 871 252 914 ex
262 870 322 932 quo
338 852 473 932 primum
486 848 565 934 typis
581 870 689 914 excusa
706 852 902 934 prodierant,
917 852 1055 915 certatim
1067 855 1155 917 inlu

75 980 139 1021 cem
165 957 285 1019 emissae
307 969 391 1032 siml,
415 952 560 1038 Epicrate
584 977 690 1038 perse
717 957 787 1019 solae
805 978 866 1020 uno
887 961 1155 1040 eodemqueanno

76 1079 228 1125 uenum
247 1061 315 1137 bis,
338 1061 472 1145 primum
491 1058 616 1139 Romu,
643 1062 712 1125 dein
727 1061 866 1141 Parisiis,
884 1086 999 1128 excusae
1014 1078 1103 1128 sunt:
1119 1088 1156 1130 nc

76 1168 135 1251 iam
151 1183 223 1233 ante
239 1170 271 1232 id
286 1183 406 1250 tempus
420 1167 513 1246 alibi,
533 1167 701 1249 etquidem
716 1168 747 1229 in
762 1167 951 1246 Germania,
973 1184 1005 1233 ut
1025 1172 1155 1247 videtur,

73 1277 186 1358 absque
197 1273 376 1337 annilocire
387 1272 541 1336 notatione
556 1273 741 1356 prodierant.
755 1271 915 1355 Denique,
932 1276 1076 1356 quoniam
1092 1276 1152 1338 illis

74 1365 263 1465 temporibus
280 1399 342 1442 non
356 1378 485 1462 cujusvis
497 1391 581 1456 erat,
597 1379 772 1444 universum
788 1376 997 1462 Epistolarum
1011 1402 1088 1464 opus
1098 1404 1154 1443 suo

73 1488 131 1551 sibi
151 1508 216 1550 ure
234 1506 433 1570 comparare,
450 1485 479 1544 in
494 1481 660 1567 Epitomen
686 1485 779 1546 etiam
800 1487 927 1547 redacte
948 1499 1017 1548 srmt
1040 1489 1153 1550 eaedern

73 1593 237 1678 Epistolae,
262 1607 352 1674 atque
378 1593 419 1656 ita
443 1594 553 1654 iterum
575 1592 744 1671 iterumque
761 1592 840 1677 typis
854 1593 1035 1676 descriptae¹.
1050 1591 1156 1675 ltaque

72 1723 166 1781 quum
190 1702 255 1783 jam
278 1699 395 1782 pridem
420 1719 519 1760 essem
541 1696 683 1771 miratus,
700 1696 814 1759 abillis
830 1697 899 1759 inde
915 1698 1103 1780 temporibus
1118 1701 1157 1762 ad

72 1819 211 1869 nostram
220 1826 315 1887 usque
326 1819 445 1867 aetatcm
459 1803 612 1864 neminem
624 1824 689 1866 csse
700 1803 871 1879 inventum,
884 1803 936 1885 qui
947 1801 1156 1886 Epistolarum

72 1910 197 1977 Seneca
214 1911 245 1972 in
258 1932 347 1973 usum
360 1910 527 1994 praesertim
544 1911 683 1973 studiosae
699 1911 859 1994 juventutis
879 1910 1008 1973 seorsim
1023 1911 1157 1972 edendn-

72 2040 142 2082 rum
153 2017 315 2081 consilium
324 2016 470 2099 cepisset,
479 2016 560 2088 haud
568 2016 683 2098 vulgari
694 2015 828 2080 adlectus
836 2036 903 2079 sum
912 2017 1022 2099 gaudio
1031 2061 1039 2093 ‚
1049 2037 1155 2096 quum,

71 2146 147 2189 cure
161 2125 319 2206 studioque
333 2124 390 2186 riri
407 2122 568 2186 clarissimi
583 2124 664 2184 Frid.
682 2123 790 2184 Christ.
803 2123 955 2196 Matthia,
973 2120 1157 2184 Franeolur-

72 2233 147 2296 dani
164 2234 203 2294 ad
225 2230 364 2294 Moenum
380 2228 529 2314 gymnasii
551 2227 692 2290 Rectoris
718 2242 748 2291 et
769 2226 975 2303 Professoris,
997 2228 1153 2311 superiore
1264 2302 1269 2310 .

71 2359 156 2403 anno
174 2338 315 2400 ellectum
329 2338 359 2400 id
374 2359 441 2400 esse
456 2337 612 2418 quodiam
625 2335 677 2396 diu
691 2333 767 2397 mihi
781 2335 813 2397 iu
828 2334 906 2396 votis
918 2335 1016 2396 suerat
1023 2376 1034 2406 ,
1051 2355 1087 2395 ex
1102 2334 1154 2417 ip-

72 2445 139 2507 sius
160 2441 297 2506 Editoris
316 2444 423 2507 litteris
444 2445 550 2505 adme
569 2441 645 2504 datis
661 2441 805 2508 intellexi.
819 2439 868 2504 Ea
883 2441 975 2505 editio
994 2463 1086 2521 quum
1101 2444 1155 2502 har.

71 2552 255 2631 potionum
275 2559 368 2612 meno
390 2568 409 2608 a
428 2546 507 2609 Viro
527 2549 566 2611 de
587 2548 671 2609 omni
691 2546 887 2612 inmunitatis
900 2547 999 2611 studio
1013 2546 1157 2631 praeclare

110 2774 214 2844 'liujus
220 2774 321 2846 generis
329 2773 452 2827 edit'mucs
464 2773 520 2827 dun
530 2773 690 2847 reperiuntur
699 2773 761 2827 unni
770 2773 869 2844 locique
881 2786 941 2826 nota
951 2784 1078 2836 carentem
1091 2784 1158 2828 utra·

74 2878 126 2929 que
147 2858 250 2929 quidem
273 2856 382 2931 Lipsius,
404 2869 435 2908 ut
451 2855 568 2921 videtur,
594 2856 716 2929 impressa
735 2875 742 2910 ι
762 2876 871 2926 quarum
888 2857 994 2909 ultorum
1016 2858 1157 2911 Ponzerus

76 2941 214 3006 recensuit,
224 2943 292 2993 Anu.
305 2940 371 3012 Typ.
383 2938 435 2991 vol.
445 2938 496 3005 lv,
509 2959 533 3010 p.
545 2938 799 3009 192,elterem1t'rid.
809 2939 903 2990 Christ.
910 2939 1044 3002 Matthia,
1053 2937 1081 2989 in
1093 2937 1156 2989 Pro-

77 3036 234 3096 gremmte,
245 3023 371 3096 superiore
383 3040 453 3074 anno
461 3021 549 3087 (1808)
563 3021 706 3075 indicendis
720 3021 877 3074 examinibus
892 3019 1027 3096 Gymnasii
1039 3021 1158 3073 Franco-

77 3108 203 3163 iurdeuaia
214 3106 370 3177 conscripto,
384 3125 410 3174 p.
423 3108 448 3159 8.
459 3106 515 3158 Alie
527 3105 606 3158 editio
619 3106 709 3179 Lipaiae
721 3125 810 3159 excuse
826 3119 862 3158 est
877 3108 970 3175 (lr'ptz
979 3110 988 3171 )
998 3125 1047 3174 per
1055 3107 1158 3156 Amol-

77 3197 144 3249 dom
153 3197 187 3249 de
195 3192 305 3246 Colonia
314 3210 384 3243 anno
393 3192 488 3243 solutis
495 3193 638 3243 millesimo
643 3191 887 3259 quadragenarum
892 3190 1060 3258 nonagesimo
1067 3192 1156 3241 terlio:

79 3277 151 3349 eujus
164 3274 283 3328 notitiam
300 3271 472 3342 Kopr'o,viro
486 3272 624 3326 clarissimo
634 3309 642 3338 ‚
652 3273 680 3324 in
692 3273 812 3325 Academ.
824 3273 941 3325 Heidelb.
955 3271 1094 3323 professori
1106 3271 1158 3323 hc-

79 3357 198 3425 norario,
210 3349 299 3409 debeo.
313 3356 408 3407 Rursus
427 3353 476 3406 alia
493 3353 589 3407 ibidem
603 3348 697 3426 prodiit
713 3375 783 3408 anno
799 3357 858 3426 ¹497
872 3396 879 3421 ,
891 3355 962 3426 cujus
978 3351 1118 3406 Fabricius
1130 3352 1159 3405 in

80 3441 149 3494 llibl.
163 3441 220 3497 lat.
236 3438 360 3491 meminit.
378 3437 497 3507 Denique
513 3456 598 3490 nosue
610 3438 673 3500 alia,
696 3458 771 3510 quaro
798 3459 826 3491 ex
843 3437 1042 3510 Scboeplliniana
1054 3437 1159 3490 Biblio-

80 3525 152 3579 rhen
164 3525 199 3578 ed
210 3542 299 3575 manus
312 3522 410 3589 babeo,
425 3522 453 3574 in
471 3522 559 3574 ecdem
574 3521 636 3575 urbe
655 3522 767 3593 (Lipu)
782 3522 901 3594 impressa
920 3533 956 3572 est
964 3540 1014 3589 per
1028 3520 1160 3575 lucabum

86 3608 224 3673 chnrcer,
247 3627 317 3659 anno
335 3607 389 3659 Dei
403 3607 545 3659 millerinw
562 3608 766 3675 quingentesimo
777 3615 874 3657 oetaeo.
892 3605 984 3657 Forma
1003 3606 1160 3678 superiorum

81 3692 225 3746 editionum
237 3691 357 3762 quadrata
369 3702 404 3742 est
415 3712 422 3754 3
432 3689 513 3761 major
526 3702 611 3743 autem
623 3691 704 3741 forma
716 3688 792 3760 buius
802 3725 809 3752 ,
820 3709 896 3759 quam
909 3702 1034 3762 postremo
1043 3710 1161 3743 commc-

84 3776 191 3830 moturi.
207 3778 305 3828 Omnes
322 3789 406 3827 nutem
420 3774 473 3827 istnc
487 3774 610 3826 editiones
628 3773 730 3825 titulum
748 3774 884 3845 prael‘erunt
902 3773 1048 3846 hujusmodi
1064 3796 1071 3829 t
1088 3775 1164 3828 Lucii

85 3863 171 3914 Annei
177 3858 270 3914 Smne
281 3860 470 3924 Cordubensis,
483 3859 602 3910 maximi
612 3856 771 3909 latinorum
783 3860 906 3926 magistri
911 3869 936 3910 el
946 3861 1099 3912 instituloris
1111 3860 1163 3912 ho-

83 3954 153 3997 neste
160 3947 214 3996 vite
225 3942 336 4007 (brevius
346 3943 405 3996 duae
412 3940 713 3994 editionesvetustissimce
722 3940 822 3992 :Annei
832 3941 924 3995 Seuere
932 3947 1118 4011 moralissimi)
1124 3946 1164 3996 od

86 4029 228 4082 bucillium
240 4029 422 4096 Epr'slolarum
433 4029 500 4079 liber
511 4028 542 4078 de
552 4027 659 4077 vivendi
670 4027 784 4090 ranbne,
799 4029 943 4093 praelarus
954 4037 979 4076 el
988 4046 1054 4076 auro
1067 4028 1164 4098 (supe-

86 4113 163 4165 riores
174 4110 336 4184 adiiciebant,
347 4122 372 4162 et
378 4112 500 4178 jaspide)
510 4111 656 4178 preciosior.
664 4108 695 4158 ln
705 4108 823 4162 omnibus
832 4108 936 4178 quidem
946 4107 999 4159 istis
1009 4108 1162 4160 editionibus

86 4198 186 4251 nonnisi
199 4195 327 4269 octoginta
336 4215 428 4248 novem
439 4194 553 4268 priorum
566 4194 639 4257 (sive,
649 4211 677 4245 ex
686 4205 771 4245 nostra
779 4193 931 4246 numerandi
939 4193 1043 4254 ratione,
1054 4193 1104 4264 jam
1112 4193 1162 4266 pri·

85 4283 145 4335 dem
153 4282 231 4355 vulgo
243 4291 351 4351 recepta,
363 4278 466 4334 nonnisi
472 4275 850 4351 octogintnoeto)Epistolarum
857 4275 982 4346 Epitomae
992 4274 1162 4328 eontinentur.
