2648 4792
128 325 153 392 6
462 325 502 390 F.
529 323 572 392 E.
599 325 897 404 RUHKOPFLI
944 383 946 388 ,

132 468 272 531 unituurtt¹
286 466 507 528 emendandum
523 486 613 548 posse
627 455 787 528 confidam.
801 465 920 548 Quibus
935 466 1063 550 proinde
1077 470 1213 534 curatius

131 574 266 660 legendis
273 574 330 635 nisi
339 573 441 634 animo
453 573 573 656 egregia
583 571 771 635 suboriantur
780 574 905 637 consilia
915 574 979 637 vitae
991 573 1063 637 bene
1072 579 1209 661 agendae,

131 682 189 744 nisi
209 693 310 757 recta,
331 678 530 742 deterioribus
549 676 671 743 calcatis
685 692 715 741 et
732 680 869 762 rejectis,
885 679 1070 762 prolientur,
1094 695 1125 744 et
1143 683 1210 745 sola

132 788 213 851 bona
228 789 355 868 ideoque
374 785 499 848 honesta
521 784 692 848 enixissime
708 787 872 868 expetenda
887 799 917 847 et
930 800 998 850 actu
1013 788 1209 871 exprimenda

132 896 300 971 videantur,
314 893 342 955 ei
353 894 517 955 verendum
532 891 640 968 suerit,
655 892 779 954 utullus
793 892 906 954 fructus
920 914 955 955 cx
967 893 1096 955 aliorum
1109 894 1210 956 libro-

133 1018 202 1065 runt
218 1000 356 1084 quamvis
371 998 490 1061 utilium
505 998 634 1062 lectione
648 999 721 1061 satis
731 999 856 1061 idonens
868 999 984 1081 percipi
999 1014 1097 1080 queat.
1108 1000 1210 1083 Atque

134 1109 159 1173 si
174 1108 287 1192 ingenii
297 1104 412 1170 cultura
423 1104 454 1166 in
464 1125 501 1167 eo
512 1106 585 1189 poni
596 1103 701 1181 debet,
717 1118 750 1167 nt
764 1104 918 1168 facultates
932 1105 1042 1188 ingenii
1058 1105 1209 1184 habant,

134 1236 194 1300 quo
204 1213 391 1299 explicentur
396 1212 569 1276 meditando
578 1254 588 1287 ,
597 1214 821 1297 comparando,
832 1212 990 1295 cogitando
998 1256 1008 1285 ,
1016 1212 1210 1289 inveniendo,

133 1322 271 1410 proiecto
284 1341 341 1385 nec
353 1321 408 1382 has
425 1318 569 1403 epistolas
589 1321 718 1382 materia
736 1339 840 1382 carere
861 1318 970 1380 dixeris
989 1319 1129 1403 egregia,
1151 1341 1210 1402 qua

40 1506 42 1511 Ι
134 1432 192 1495 itte
207 1432 286 1496 vires
299 1429 484 1504 excolantur,
502 1429 681 1491 formentur.
692 1427 787 1491 Recte
801 1428 900 1508 itaque
915 1428 1002 1491 nobis
1011 1426 1210 1512 gratulamur,
1226 1459 1236 1473 ,

136 1538 217 1622 quod
230 1549 293 1599 tam
316 1534 393 1598 bene
410 1535 534 1597 cesserit
550 1533 672 1598 Seneca
686 1533 844 1598 consilium
858 1534 1025 1617 posteritati
1038 1534 1210 1611 scribendi,

136 1643 217 1707 ltoud
237 1640 332 1704 semel
353 1640 394 1703 ab
411 1663 448 1703 eo
462 1640 677 1719 declaratum¹,
696 1655 726 1704 et
742 1643 822 1723 quod
835 1639 924 1703 nobis
940 1640 1064 1703 fortuitae
1078 1644 1212 1723 quodam

138 1750 208 1813 ludo
223 1747 433 1812 transmissum
448 1747 486 1809 sit
506 1748 583 1810 istud
598 1748 795 1831 epistolarum
809 1739 950 1811 volumen
967 1768 1022 1831 per
1039 1751 1213 1832 septemde-

138 1858 214 1932 cim,
234 1869 263 1917 ct
274 1856 355 1936 quod
370 1854 520 1928 excurrit,
539 1854 645 1916 saecula
660 1858 761 1938 magni
774 1856 983 1917 aestimatum¹.

179 1962 272 2044 Quod
286 1983 355 2023 cum
371 1960 484 2021 caeteris
501 1980 537 2019 ex
551 1957 736 2040 Antiquitate
752 1961 841 2021 nohis
855 1958 967 2025 relictis
981 1960 1115 2044 epistolis
1125 1981 1212 2023 cotn-

139 2082 300 2154 paratum,
313 2086 435 2138 omnes,
450 2065 475 2125 si
486 2061 669 2127 Ciceronem
681 2065 852 2147 exceperis,
866 2066 1008 2149 epistolas
1018 2066 1106 2129 facile
1121 2088 1213 2150 snpe-

138 2178 227 2239 rabit.
239 2173 397 2239 Ciceronis
414 2172 496 2233 enim
511 2171 658 2253 epistolae,
675 2185 786 2254 praeter
800 2172 895 2233 multa
910 2173 1069 2255 praeclara,
1086 2186 1131 2235 tot
1146 2186 1214 2234 tan·

139 2295 227 2362 taque
237 2283 276 2341 ad
282 2280 441 2340 historiam
452 2277 536 2338 iatius
547 2278 692 2359 temporis
703 2279 866 2360 spectantia
878 2279 986 2340 indicia
996 2292 1025 2341 et
1035 2282 1215 2342 documenta

140 2386 311 2460 continent,
323 2383 444 2444 aliunde
460 2382 506 2444 vel
520 2403 580 2442 oon
593 2385 737 2465 petenda,
750 2383 798 2445 vel
812 2386 874 2466 jani
889 2406 945 2466 per
961 2405 993 2446 se
1008 2384 1078 2446 satis
1089 2386 1213 2468 gravia,

139 2491 250 2573 quippe
266 2486 306 2549 alt
318 2487 442 2548 homine
453 2498 539 2547 tantae
551 2488 736 2549 auctoritatis
749 2489 880 2570 tantique
895 2489 1040 2552 momenti
1055 2491 1093 2552 ad
1106 2512 1157 2553 res
1168 2493 1214 2554 sui

139 2598 287 2678 temporis
302 2593 455 2677 prosecta,
471 2606 503 2653 ιιι
518 2594 580 2674 jani
596 2613 633 2653 eo
649 2595 768 2656 nomine
784 2615 845 2656 non
861 2598 1074 2681 postponendae
1094 2610 1212 2674 essent,

108 2708 112 2727 ¹
140 2703 197 2763 nisi
212 2703 303 2763 etiarn
318 2701 465 2784 elegantia
483 2699 608 2780 aliaeque
623 2701 773 2762 sermonis
786 2704 889 2779 dotes,
900 2701 1008 2785 quibus
1022 2701 1132 2765 Cicero
1143 2723 1215 2765 om-

140 2831 194 2872 nea
205 2831 263 2871 sum
273 2810 401 2871 nationis
415 2808 577 2891 scriptores
587 2808 728 2892 superat,
746 2810 862 2893 primas
877 2810 905 2871 ei
922 2824 1023 2893 partes
1040 2813 1107 2893 jure
1117 2810 1216 2873 meri-

119 2948 122 2955 ·
139 2930 230 2998 toque
246 2915 406 2977 deferrent.
422 2912 526 2997 Longe
541 2913 630 2975 aliter
638 2913 830 2997 judicandum
845 2929 889 2977 est
903 2917 940 2978 de
956 2915 1046 2978 Plinii
1063 2917 1125 3000 jun.
1147 2917 1216 3000 epi-

140 3021 234 3085 stolis.
246 3022 330 3098 Quas
341 3034 374 3081 ut
385 3021 455 3081 dem
470 3019 618 3081 sermonis
631 3021 729 3082 nitore
742 3021 931 3104 etgelegantia
945 3019 1065 3084 Senecae
1079 3020 1214 3106 palmam

139 3129 327 3214 praeripere,
350 3141 450 3187 tamen
473 3148 522 3186 res
544 3126 632 3208 ipsae,
654 3147 728 3206 quas
747 3139 893 3204 tractant,
918 3142 1031 3189 tantum
1054 3128 1163 3192 absunt
1183 3145 1215 3192 ut

141 3245 279 3303 eamdem
298 3240 501 3322 praestantiam
514 3261 576 3320 prae
592 3259 623 3299 se
636 3237 751 3314 serant,
770 3253 801 3299 ut
818 3261 856 3301 ne
872 3242 1130 3324 comparationem
1144 3243 1215 3324 qui-

141 3348 209 3407 dem
224 3346 407 3428 permittant.

182 3452 319 3527 Accedit,
344 3453 425 3533 quod
442 3449 567 3514 Senecae
586 3449 717 3511 morales
737 3451 870 3532 epistolae
889 3452 1010 3513 unicum
1028 3454 1074 3513 sui
1094 3455 1215 3536 generis

175 3639 261 3691 'Vide
274 3659 300 3690 v.
310 3661 331 3692 c.
343 3639 388 3711 Ep.
403 3655 463 3703 xxi,
477 3641 498 3690 5.
516 3637 593 3705 Quod
607 3637 729 3710 Epicurus
741 3638 823 3690 antico
838 3658 883 3690 suo
901 3640 981 3710 potuit
995 3641 1155 3712 promittere,
1169 3645 1215 3698 hoc

141 3732 190 3783 tr'br'
197 3732 338 3795 promitto,
352 3730 444 3781 lucili.
455 3729 551 3780 Habeo
563 3730 637 3796 opud
648 3739 764 3796 posteros
775 3732 908 3797 gratiam,
924 3748 1034 3795 possam
1044 3749 1145 3783 meeum
1158 3735 1214 3785 du—

140 3834 232 3874 ratum
245 3827 351 3873 nomina
363 3822 473 3873 edocere.

173 3915 262 3964 ²Nam
275 3931 326 3963 non
338 3930 424 3962 omnes
436 3910 539 3966 Senecae
555 3909 678 3984 Epistolas
695 3909 802 3962 morales
819 3921 916 3963 attatum
933 3912 1019 3965 tulisse
1032 3924 1099 3986 patet
1111 3932 1139 3964 cx
1152 3912 1214 3966 Anti

141 4003 217 4056 Gellii
231 4003 302 4053 Noct·
315 4001 390 4052 Attio.
404 4000 453 4050 llll
460 4039 467 4064 ,
481 4022 509 4067 a,
523 4000 566 4052 ubi
578 4001 662 4053 laudat
675 4001 792 4070 quasdam
803 4000 880 4052 exlib.
893 4003 974 4053 xxii.
988 4003 1050 4076 Epp.
1059 4022 1116 4073 qutc
1127 4003 1156 4055 in
1167 4005 1215 4057 de-

142 4092 242 4167 perditis
261 4105 327 4144 sunt.
343 4091 383 4142 De
401 4089 524 4143 divisione
543 4091 605 4165 Epp.
621 4090 647 4144 in
663 4091 739 4143 libros
753 4093 784 4144 ri.
806 4090 916 4144 Fabricii
937 4092 1002 4144 Bibl.
1023 4095 1076 4145 Lat.
1094 4093 1153 4148 Vol.
1174 4094 1213 4158 ll,

142 4208 164 4256 p.
181 4206 239 4251 107,
253 4197 304 4236 not.
315 4205 339 4252 q·
352 4182 391 4235 od.
403 4183 463 4236 Ern.
