2648 4792
442 386 706 474 irrisioni
729 405 758 472 1.
1089 404 1132 491 ⁴3

59 538 112 604 hii
141 534 348 628 agentibus,
375 550 443 603 tota
468 536 538 602 vita
566 533 661 602 niiud
687 521 880 630 agentibus.
912 536 1023 626 Quem
1050 533 1134 603 mibi
1162 556 1177 588 ²

61 651 175 733 dabis,
195 653 256 743 qui
273 649 414 743 aliquod
431 651 579 743 pretinm
598 653 742 744 tempori
762 654 891 746 ponat?
903 654 964 746 qni
978 652 1068 720 diem
1079 675 1136 719 aes·

62 769 179 835 timet¹
200 767 216 834 P
238 767 296 859 qni
326 766 495 859 intelligit
520 788 556 834 se
579 765 732 858 quotidie
755 768 872 837 morii
890 769 932 837 ln
955 767 1021 837 hoc
1045 766 1137 834 enim

64 883 236 965 fallimur,
255 881 346 973 quod
365 897 507 949 mortem
519 883 791 975 prospicimns':
812 907 935 978 magna
949 905 1027 978 pars
1047 875 1140 974 'ejus

61 999 132 1090 jam
165 999 351 1091 praeteriit3
374 990 572 1089 quidquid‘
600 999 706 1066 aetntis
732 1015 823 1068 retro
844 1014 894 1067 cst
922 1021 1011 1068 mors
1031 1012 1136 1064 tenet.

66 1108 138 1171 Fac
162 1127 246 1198 ergo
254 1154 265 1190 ,
296 1106 342 1171 mi
371 1103 508 1189 Lucili,
528 1103 620 1195 quod
645 1103 758 1173 fucere
790 1122 824 1174 te
847 1105 993 1190 scribie,
1025 1124 1143 1173 omnes

66 1221 169 1288 horos
191 1217 430 1314 complectere!
456 1222 505 1289 sic
527 1220 607 1301 fiet,
629 1237 666 1287 ut
689 1223 801 1290 minus
823 1246 863 1291 ex
880 1223 1029 1291 crastino
1056 1244 1164 1315 pen-⁴

68 1334 149 1404 dens
158 1330 186 1420 ⁵,
197 1338 226 1404 si
238 1337 404 1405 hodierno
415 1361 551 1405 manum
563 1328 758 1428 injeceris⁶.
769 1341 857 1407 Dum
868 1337 1044 1409 differtur⁷
1057 1337 1142 1419 vitu,

67 1500 139 1549 mate
148 1499 304 1567 agentibus,
316 1517 415 1567 magna
425 1496 492 1551 nibil
506 1515 582 1567 ngen-
630 1508 696 1549 nunt
706 1506 815 1551 mortem
823 1499 919 1569 procul
925 1498 1145 1566 ersemnjieimusf

67 1573 144 1627 sibus.
152 1575 275 1629 sieedirs
284 1576 359 1627 Rom.
366 1576 441 1627 Tsrv.
449 1575 516 1626 Ven.
524 1593 582 1627 cnm
632 1574 790 1630 interlineas
802 1596 862 1631 vcro
875 1577 903 1629 in
914 1595 936 1631 c.
948 1573 1144 1646 &adscripta

69 1653 160 1704 nostris
172 1672 232 1705 mss.
244 1673 270 1704 n.
283 1665 307 1704 et
317 1653 341 1704 b.
352 1652 478 1704 espanes.
489 1655 513 1704 b.
524 1652 550 1703 d.
559 1663 583 1702 et
629 1655 941 1720 pmspicimns,remonm
948 1662 1146 1723 meputomus.

70 1732 160 1799 Ampl.
173 1731 281 1802 aliisque
298 1730 401 1782 Gruteri
413 1748 420 1782 ι
431 1749 507 1802 quem
518 1728 584 1782 scri-
632 1727 712 1783 Scbw.
720 1757 753 1771 -
762 1730 900 1805 vulgatam
913 1730 1056 1785 Ermmisni
1071 1742 1146 1801 atque

70 1821 186 1884 ptnrem,
198 1821 228 1885 qt
238 1808 399 1867 bandtdnbie
411 1827 514 1872 veram,
533 1807 584 1878 jam
634 1809 677 1862 elii
693 1823 794 1865 tnentnr
809 1825 833 1865 et
847 1811 989 1867 doctiorem
1006 1822 1030 1863 et
1048 1811 1146 1864 Senem

72 1885 287 1958 olimqunntuor
299 1886 456 1940 Gallicorum
469 1885 583 1939 codicum
634 1888 784 1961 digniorem.
798 1891 943 1961 Prospieers
956 1903 993 1945 est
1003 1911 1032 1944 es
1042 1888 1094 1943 slto
1102 1887 1147 1941 ,ri-

72 1966 583 2039 consensncommendaverntOpsopoeus,
633 1963 693 2018 dere
702 2005 711 2030 ‚
727 1967 835 2038 ideoque
853 1982 959 2024 venture
977 1982 1003 2023 et
1017 1987 1074 2040 qute
1090 1988 1147 2041 pro-

73 2062 149 2113 qnnm
163 2055 303 2118 permutata
315 2044 449 2097 verborum
462 2044 520 2098 sede
530 2043 585 2118 pri·
633 2045 674 2098 eui
686 2047 776 2100 absunt
788 2047 991 2115 (Drakenborch.
1002 2048 1034 2101 ad
1045 2047 1146 2101 Livium

73 2140 142 2172 mum
161 2142 263 2191 mogun
282 2143 366 2192 pars,
380 2124 438 2177 dein
459 2126 586 2179 matrina
635 2124 820 2190 xx11,6‚8).
830 2126 1149 2197 Varietnsetexignonn·

73 2199 139 2254 nibil
147 2220 192 2270 σς.
204 2202 326 2273 posuisset
334 2204 468 2270 humus,
483 2217 511 2258 ut
523 2202 587 2257 scri·
634 2200 685 2264 tia,
697 2222 747 2276 qna
753 2201 901 2257 laborabant
908 2202 1016 2268 librarii,
1027 2202 1149 2265 acutioris

73 2275 140 2330 bitur
157 2279 186 2330 in
203 2293 290 2333 nostro
302 2281 474 2334 recentissimo
490 2282 547 2334 cod
565 2301 586 2334 c.
636 2277 707 2343 dicti,
720 2281 918 2353 etecaptatione
927 2281 1084 2355 argutiarum
1094 2270 1149 2335 orta

75 2368 98 2408 et
110 2356 138 2409 in
150 2359 191 2411 ed.
203 2359 343 2412 A.-Tota
356 2363 414 2412 nita
422 2361 499 2411 alirsd
508 2377 586 2430 ngen-
634 2368 687 2421 est,
702 2356 828 2429 jndicibus
842 2359 948 2414 Erasmo
964 2372 989 2411 et
1005 2358 1098 2433 lipsio.
1112 2359 1149 2413 R.

74 2436 149 2488 tibus.
157 2435 254 2490 Voteb.
263 2440 318 2489 nita
329 2477 336 2504 ,
349 2437 418 2506 qnod
429 2435 488 2489 inde
502 2435 533 2488 ab
545 2436 585 2489 ed.
634 2460 668 2474 -
679 2434 773 2489 Lucide
780 2435 855 2489 vertit
862 2435 1099 2509 lngmngethtre
1107 2457 1147 2491 er-

76 2512 142 2564 Ven.
155 2534 166 2566 s
178 2513 357 2577 ,omittebatur
368 2513 455 2586 vulgo,
465 2525 531 2566 recte
543 2512 587 2564 ad·
636 2523 742 2564 reurest
753 2515 829 2566 dene
840 2519 941 2572 not'rln
957 2525 1027 2568 murt
1042 2533 1091 2585 que
1105 2515 1149 2567 de·

75 2593 165 2662 jectum
184 2591 276 2645 dedere
296 2592 374 2645 nostri
394 2615 420 2644 a.
442 2605 467 2645 et
485 2594 509 2644 b.
528 2611 586 2644 cum
636 2594 1149 2663 oantnoustelleestderriirernffrnnde

74 2674 165 2740 Ampl.
179 2670 281 2725 etPnr.
297 2692 323 2723 a.
336 2672 361 2724 b.
375 2670 588 2742 deliquerim·
633 2674 728 2739 partie.
924 2718 932 2731 ,

75 2750 180 2803 iioribns
194 2750 274 2803 libris.
288 2750 319 2802 In
332 2761 417 2803 nostro
428 2770 449 2803 c.
464 2770 512 2802 vox
531 2751 586 2801 vitu
669 2747 692 2801 3.
712 2748 785 2802 Pars
806 2755 868 2813 ejus.
894 2748 924 2799 ln
942 2749 1069 2816 Amplon.
1087 2767 1149 2801 vero

74 2830 140 2882 inter
152 2829 234 2882 lineas
247 2827 373 2901 adscripta
385 2840 429 2880 est.
446 2829 496 2881 Pro
509 2828 588 2879 uliud
635 2826 752 2880 scribitur
762 2831 817 2895 ejus
826 2846 900 2898 pars.
908 2826 990 2883 Scbw.

76 2921 169 2961 temere
180 2908 287 2976 aliquid
297 2920 333 2960 est
346 2906 373 2958 in
384 2907 423 2959 ed.
435 2907 470 2959 A.
480 2904 563 2960 Sclm.
669 2906 692 2970 4.
706 2905 853 2977 Qm'dqns'd.
876 2905 920 2958 Sic
939 2917 1023 2958 noster
1034 2925 1055 2958 c.
1073 2922 1149 2972 qnam

108 3005 131 3037 ι.
143 2982 284 3038 AEstr'met.
297 2986 419 3037 Extimet
429 3002 474 3035 ms.
486 3003 507 3036 c.
516 2982 552 3035 sie
563 2995 588 3034 et
636 2980 763 3035 scribendi
786 2982 929 3051 rationem,
951 2982 1011 3036 inde
1028 3003 1043 3035 ι
1057 2979 1152 3050 Lipsiu

73 3062 118 3115 alii
138 3079 328 3131 nonnunquam
348 3080 355 3122 ;
381 3062 450 3115 unde
478 3059 586 3114 subinde
636 3057 785 3132 vulgatam,
807 3073 949 3113 constanter
976 3059 1069 3121 tenni;
1092 3057 1151 3110 lieet

73 3153 216 3216 permutata
230 3143 296 3194 inter
306 3161 333 3192 se
348 3140 423 3192 verba
435 3144 581 3206 oestiurnre,
636 3139 762 3209 quicquid
774 3139 885 3193 scribant
896 3161 921 3191 a.
938 3152 961 3192 et
978 3139 1002 3191 b.
1017 3157 1076 3192 cum
1093 3135 1117 3188 b.
1133 3135 1150 3188 Ι.

73 3235 97 3277 et
109 3222 286 3279 existimare.
306 3219 521 3291 quemadmodum
538 3217 587 3271 boc
636 3227 691 3267 turn
701 3216 849 3291 plerumque
866 3218 937 3272 alibi.
950 3216 1012 3283 (Sic
1022 3215 1098 3289 panio
1110 3217 1151 3267 in·

73 3301 129 3374 ipso
142 3300 201 3350 loen
212 3301 346 3351 exrbtirnet
357 3296 431 3349 babet
444 3295 484 3352 ed,
498 3297 532 3347 A.
549 3295 578 3348 S.
638 3297 675 3346 sra
685 3332 692 3360 ‚
704 3296 719 3364 §
731 3295 747 3348 3
758 3332 766 3360 ,
784 3301 925 3367 quicquam
945 3292 1059 3372 sqribunt
1074 3291 1151 3344 iidem

107 3373 405 3443 :Mortemprnspicim
413 3373 526 3426 Sicrecte
534 3373 590 3426 edi·
638 3393 697 3426 mss.
708 3396 734 3428 a.
746 3388 771 3427 et
784 3377 808 3429 b.
819 3375 864 3428 ubi
873 3395 918 3426 nos
927 3392 985 3425 enm
998 3392 1017 3425 c.
1025 3372 1153 3426 tenuimus

72 3469 115 3506 tnr
124 3452 186 3506 inde
196 3451 229 3504 ab
237 3452 334 3506 Erasm.
342 3450 403 3504 eda
416 3452 589 3504 consentiente
638 3455 799 3522 quidquam,
811 3462 837 3506 et
849 3452 930 3525 ipsum
942 3450 974 3502 ab
987 3448 1078 3504 eodem
1091 3451 1152 3505 inde

73 3545 163 3586 nostro
175 3532 241 3599 Arg,
253 3550 279 3581 n.
291 3542 316 3583 et
327 3530 392 3582 Par.
405 3551 431 3581 a.
441 3532 465 3582 b.
477 3533 502 3582 d.
516 3530 590 3583 aliis·
638 3531 723 3605 Lipsio
734 3532 891 3606 vulgatum.)
905 3528 985 3584 Scire.

73 3633 124 3684 qne
146 3610 250 3682 optimis
270 3609 412 3681 quibusque
430 3609 502 3662 libris
520 3628 526 3661 :
542 3630 590 3663 su·
672 3608 1153 3680 5.Excrns'tr'nnpendens.Unusuos·

74 3711 152 3763 perne
166 3703 249 3742 autem
266 3690 294 3742 in
306 3691 369 3743 Par.
380 3712 407 3744 n.
419 3703 442 3743 et
454 3690 479 3742 b.
491 3690 591 3745 adscri-
638 3699 677 3738 ter
689 3687 745 3739 cod·
756 3709 781 3740 α.
791 3686 866 3740 habet
877 3689 909 3740 de
919 3699 997 3741 crasi·
1005 3691 1084 3758 μηνί.
1095 3688 1125 3742 S.

74 3783 147 3842 ptum
167 3767 302 3834 scholion,
326 3771 406 3839 qnasi
421 3772 513 3839 procul
534 3788 591 3822 esse
672 3764 696 3816 6.
718 3764 763 3817 Sic
774 3766 829 3835 fiet
830 3802 888 3817 .......
905 3771 1024 3830 injeceris.
1053 3768 1153 3839 Lipsius

73 3851 232 3916 enrrjt'cs'mus.
247 3846 382 3920 Perperam
396 3860 481 3900 noster
493 3849 517 3900 b.
532 3867 590 3900 cum
639 3839 725 3895 laudat
738 3843 862 3895 Senecam
879 3843 910 3898 de
923 3845 1020 3897 Brevit.
1035 3845 1072 3900 vir
1095 3846 1151 3912 lx,

74 3925 115 3979 ed.
127 3926 205 3978 Rom.
217 3923 292 3977 babet
303 3935 411 3977 mortem
423 3948 474 3978 non
481 3930 590 3998 prospi-
643 3942 663 3975 ι.
681 3925 722 3976 Ne
742 3923 849 3996 effugiat
860 3937 976 3999 tempus,
999 3925 1036 3979 uti
1053 3924 1152 3979 nennio

72 4007 158 4056 cimus
168 4022 178 4055 .·
189 4015 214 4055 et
227 4003 254 4054 in
265 4003 332 4055 Par.
342 4005 368 4055 d.
379 4003 526 4076 particulam
539 4024 591 4057 nou
641 4001 706 4072 npud
717 3999 854 4056 Pbaedrnm
862 4001 942 4054 Fobb.
954 4002 978 4054 V
989 4041 996 4069 ,
1008 4006 1040 4067 8,
1050 4001 1076 4053 vi
1087 3998 1152 4054 illud

75 4080 202 4134 recentior
214 4101 303 4134 manus
315 4080 414 4150 adjecit.
428 4081 522 4134 Contra
539 4102 590 4132 no·
639 4081 755 4136 retineas.
769 4081 859 4135 linit.

74 4174 124 4213 ster
135 4180 210 4213 msc·
228 4173 251 4213 et
270 4160 308 4214 cd.
323 4160 357 4212 A.
368 4159 395 4212 in
408 4172 524 4214 contextu
539 4181 590 4234 po·
675 4182 696 4228 7.
713 4161 788 4214 Dum
802 4160 924 4232 drffirtur
923 4199 979 4215 .......
992 4163 1155 4214 transcurrit·
1269 4196 1273 4201 -
