2648 4792
169 391 209 459 16
415 388 448 457 J.
474 384 974 458 SCHWEIGHAEUSERI

162 532 273 595 merito
287 542 361 592 essct
373 531 525 605 insulula,
541 543 572 591 ut
583 531 730 612 discipulis
745 533 986 613 provectioribus,
1006 530 1105 610 quihus
1124 532 1243 594 muts·

161 643 231 701 simi
248 639 416 720 Philosophi
430 639 576 699 lectionem
598 661 650 698 nec
664 639 813 715 mutilem,
833 661 883 698 occ
901 636 1086 718 cnjucundcnn
1097 637 1166 718 firrc
1186 639 1245 700 sihi

157 755 340 826 persuaserat
355 743 464 818 Editor,
482 745 659 825 exemplario
670 744 817 825 parabilis
831 746 861 804 in
877 765 980 824 monus
999 744 1077 804 audi
1090 757 1099 782 ¹
1106 758 1225 826 possent
1230 768 1243 819 ,·

160 849 234 911 illud
254 847 407 932 imprimis
430 847 489 910 sibi
511 851 663 932 agendum
683 849 735 911 ille
758 862 937 932 putaverat,
954 862 988 911 nt
1002 851 1109 911 numm
1130 863 1242 912 tontum

159 966 337 1030 contextum,
353 957 394 1016 od
404 958 588 1018 notissimum
607 958 758 1018 edititncm
781 955 974 1039 lipsienscm¹
989 960 1161 1036 recognitum
1176 959 1242 1040 (ito

158 1067 269 1149 quidem
282 1080 313 1124 ut
329 1086 409 1125 stnsm
424 1065 543 1125 subinde
555 1064 696 1143 judicium
712 1068 892 1148 sequeretur)
907 1067 1042 1128 odcurmc
1057 1077 1140 1146 elque
1153 1068 1243 1128 nitide

158 1172 370 1233 &molendum
379 1184 500 1233 curaret
513 1194 520 1230 :
533 1171 623 1252 idque
634 1171 733 1254 ipsum
742 1170 874 1234 fideliter
883 1173 1036 1255 prestitit,
1050 1156 1244 1235 Musoch-

159 1280 282 1339 minibus
296 1276 540 1362 perelegantibus
557 1278 746 1359 francofort·
757 1279 798 1339 ad
811 1280 941 1340 Manum
953 1279 1032 1362 opud
1047 1280 1075 1340 V
1074 1292 1243 1363 oncnuupp

159 1396 188 1445 et
204 1385 335 1445 Wenner
349 1399 516 1445 uoeccvut
525 1385 556 1445 in
567 1383 668 1448 lucem
677 1385 804 1447 emissis.
816 1385 892 1447 Jam
904 1406 978 1447 vero
989 1388 1084 1469 prim
1096 1389 1240 1448 columine

147 1489 215 1569 scre
229 1491 357 1550 absoluto
370 1511 456 1572 quum
470 1493 622 1572 petiissent
639 1490 679 1552 ab
702 1487 829 1553 Editore
852 1492 1024 1574 bibliopola,
1041 1502 1073 1551 ut
1091 1490 1243 1553 Commen-

158 1597 231 1656 tario
247 1597 333 1655 etiem
349 1597 497 1657 scribendo
511 1599 639 1657 animum
654 1598 814 1679 ocljicervte
829 1596 975 1658 voluntati
993 1616 1100 1659 eorum
1114 1596 1243 1661 obsecu-

157 1713 260 1777 turus,
272 1714 383 1783 praeter
395 1701 454 1762 alia
467 1703 599 1782 quaesibi
610 1723 681 1764 enm
692 1703 722 1762 in
734 1702 825 1765 finem
836 1704 1025 1788 procuranda
1040 1700 1241 1779 intellexerat,

159 1808 411 1889 circumspiciendo
420 1810 510 1868 ctiam
525 1830 596 1869 noco
610 1810 737 1869 subsidio
745 1812 873 1891 putavit,
888 1811 987 1892 qiu'hrct
997 1811 1028 1869 io
1041 1830 1111 1870 veru
1123 1810 1243 1870 lectione

158 1936 197 1974 cu
211 1915 320 1973 criticae
333 1915 405 1973 ortis
420 1914 526 1991 legibus
537 1914 702 1991 indagando
712 1915 945 1974 etconstituendo
959 1926 1090 1975 utemutr.
1104 1911 1154 1975 Eo
1168 1927 1243 1976 con·-

158 2020 240 2093 'silio‚
250 2041 343 2101 quum
354 2039 389 2080 ex
399 2016 534 2081 Fabricii
545 2017 737 2080 Bibliotheca
749 2017 857 2080 latina
867 2033 1055 2104 compertum
1066 2020 1127 2082 vir
1134 2022 1243 2083 docus

68 2185 73 2192 ,
157 2125 300 2210 haberet,
323 2125 440 2188 servari
453 2124 485 2186 in
498 2123 680 2187 bibliotheca
693 2123 865 2187 Academire
878 2123 1144 2209 Argentoratensis
1157 2125 1242 2189 codi-

158 2254 219 2292 cem
236 2232 427 2314 Epistoiorum
442 2232 561 2293 Seneca:
575 2235 658 2315 longe
672 2235 872 2306 veterrimum,
893 2254 950 2315 per
966 2231 1082 2295 litteras
1097 2255 1168 2308 me,
1193 2232 1245 2298 cui

158 2335 355 2398 Bibliothecae
374 2336 462 2418 hujus
480 2358 585 2398 curam
601 2339 813 2400 demandatam
826 2352 946 2412 nosset,
964 2339 1056 2416 adiit,
1074 2338 1137 2401 sive
1153 2351 1187 2400 nt
1202 2341 1243 2402 ad
1276 2362 1281 2370 ’

159 2462 192 2503 se
206 2442 442 2502 transmitterem
458 2440 545 2501 illum
562 2443 698 2503 codicem
720 2463 845 2526 rogans,
862 2443 908 2504 sin
924 2444 955 2503 id
969 2442 1068 2506 minus
1084 2443 1150 2506 steri
1165 2464 1243 2528 pos-

159 2561 220 2623 set,
237 2560 271 2608 ut
285 2568 356 2609 eum
370 2569 439 2610 curn
460 2548 610 2630 impresso
625 2549 767 2633 exemplo
788 2549 1006 2611 conserendum
1024 2564 1242 2634 excerptasque

158 2654 305 2717 lectiones
315 2675 419 2717 secum
430 2655 696 2718 communicandas
705 2676 855 2720 curarem.
867 2653 1018 2738 Equidem
1026 2656 1241 2718 honestissimo

158 2760 327 2837 desiderio,
343 2763 441 2841 quoad
455 2781 596 2844 possem,
608 2762 716 2824 lubens
731 2763 968 2846 gratificaturus,
982 2763 1138 2847 negotium
1151 2784 1243 2826 excu-

156 2867 250 2930 tiendi
264 2868 376 2931 codicis
392 2868 473 2931 ultro
488 2869 624 2952 suscepi,
640 2869 784 2931 adhibitis
802 2871 895 2932 etiam
911 2871 1035 2956 insuper
1048 2873 1117 2932 aliis
1132 2871 1241 2933 duobus

158 2975 326 3047 codicibus,
346 2995 422 3056 quos
434 2975 567 3056 possidet
577 2977 684 3037 eadem
698 2975 889 3038 Bibliotheca
899 2976 1026 3038 minime
1039 2990 1242 3040 contemnen-

158 3083 234 3154 dos;
255 3102 386 3162 moxque
410 3081 564 3164 specimen
586 3080 767 3147 Lectionum
784 3103 820 3143 ex
840 3095 969 3162 quatuor
983 3082 1136 3165 prioribus
1159 3079 1239 3167 Epi·

159 3188 244 3249 stolis
264 3178 475 3272 excerptorum
490 3190 528 3249 ad
543 3188 746 3249 doctissimum
764 3188 863 3249 virum
885 3189 972 3264 misi,
1000 3190 1139 3271 adjuncta
1151 3188 1241 3252 brevi

160 3295 298 3377 epicrisi‚
310 3316 387 3376 qua,
401 3295 472 3377 quid
487 3316 523 3355 ex
539 3294 678 3357 codicum
693 3307 868 3356 nostrorum
883 3293 1106 3376 editionumque
1122 3296 1241 3378 prinei—

158 3402 243 3485 pium
252 3403 425 3485 prescripto
436 3403 613 3462 mutandum
625 3401 657 3461 in
668 3399 794 3484 vulgatis
804 3400 913 3461 harum
922 3398 1131 3483 Epistolarum
1140 3421 1241 3463 exem·

158 3508 217 3590 plis
225 3507 301 3567 mihi
309 3508 472 3585 videretur,
485 3507 614 3590 ingenue
625 3507 759 3588 exposui.
774 3505 923 3579 lliottbioe,
937 3505 1049 3566 existis
1064 3505 1241 3587 specimini-

159 3613 214 3676 bus
230 3614 396 3696 haudaegre
413 3613 601 3695 intelligens,
617 3632 709 3692 quam
723 3611 816 3672 multa
828 3612 860 3672 in
874 3611 1015 3672 universo
1029 3608 1240 3693 Epistolarum

158 3718 237 3780 libro
252 3706 443 3801 superessent
459 3719 629 3784 etiamnunc
644 3718 838 3800 expurganda
850 3729 880 3778 et
896 3717 1089 3802 expolienda,
1107 3719 1237 3801 partim-

158 3848 215 3906 que
227 3827 410 3887 restituenda
420 3825 554 3898 auctori,
571 3837 686 3885 temere
700 3822 728 3883 ei
738 3822 813 3885 olim
822 3823 940 3899 ablata,
950 3824 1061 3906 mutim
1075 3816 1235 3906 ejkieudu

190 4084 197 4111 ¹
211 4080 290 4151 lpsins
303 4079 414 4131 Editoris
425 4078 507 4130 verbis
519 4089 595 4140 utor,
613 4076 704 4146 quibus
717 4075 760 4128 illc
774 4076 800 4128 in
814 4078 1004 4149 programmate
1018 4077 1095 4150 paulo
1106 4087 1165 4131 ante
1178 4095 1237 4129 me·-

158 4177 254 4215 morato
268 4163 299 4214 dc
312 4164 357 4215 hac
369 4161 477 4214 editione
489 4160 610 4212 disseruit.

187 4253 200 4280 ²
211 4249 331 4302 Eamdem
345 4267 420 4319 quam
432 4268 446 4298 a
462 4245 613 4313 Ilnhltopfio
627 4244 776 4298 adornatam
787 4243 863 4315 paulo
873 4255 932 4297 ante
944 4242 1003 4296 dixi.
