2648 4792
498 360 795 432 PRAEFATIO.
1145 367 1185 436 31

120 520 233 568 etatem
248 492 280 566 in
294 524 348 567 eas
357 501 480 567 Senecae
494 504 640 566 editiones
647 478 778 586 {quibus
787 504 1010 588 vulgantium,
1025 523 1192 593 propagata

121 626 238 684 essent;
262 611 495 693 circumspicere
511 611 590 694 coepi
605 611 754 671 editionem
768 631 856 688 casn,
875 632 941 692 quse
956 614 993 672 ab
1007 617 1068 695 ipso
1082 615 1193 678 Murem

119 717 147 779 in
168 717 273 780 lucem
291 715 424 800 proferri
446 728 561 798 empta,
584 714 676 798 paulo
694 729 764 798 post
782 717 847 799 ejus
865 716 982 780 obitum
995 717 1103 781 Romae
1116 744 1203 785 anno*

120 840 290 899 unum,
303 823 424 907 prodiit.
435 821 538 904 Quom
556 843 649 904 quum
664 822 774 885 frustra
790 823 1067 904 quesissemus
1080 827 1194 892 babere

119 929 225 1005 debui,
238 929 331 1010 quod
351 941 382 991 et
404 937 567 989 consenum
588 926 686 1008 qualis
706 941 773 989 erat
790 949 808 989 a
829 929 943 992 Mateta
957 933 1148 1007 constitutum
1166 949 1197 999 et

119 1038 256 1120 ejusdem
266 1035 375 1096 Mureti
385 1033 496 1096 Natas¹
507 1035 573 1096 dne
587 1034 748 1112 editiones,
761 1056 825 1116 qnae
835 1015 991 1100 admanus
1001 1053 1101 1117 erent,
1114 1041 1198 1104 exbi-

119 1144 241 1218 berent;
265 1141 360 1204 ultera
383 1141 626 1213 Commeliizianm
649 1142 697 1203 cui
713 1141 831 1218 titulus,
848 1143 884 1203 t.
902 1144 1040 1206 Annaeus
1052 1148 1161 1210 Seneca
1176 1172 1196 1211 a

119 1252 164 1313 M·
181 1253 255 1315 Ant,
268 1250 381 1310 Mareto
395 1259 534 1310 correctus
556 1261 612 1310 etc.
629 1263 770 1324 tentent,
789 1234 885 1311 altera
902 1251 1040 1313 Parisino
1053 1271 1079 1314 tt
1095 1271 1135 1317 nc
1151 1272 1193 1334 tt,

118 1379 177 1441 qna
194 1358 356 1418 Romanam
374 1356 484 1416 Muceti
504 1356 656 1415 editionem
670 1356 711 1414 ad
722 1377 843 1433 ungam
863 1342 1029 1440 expressam
1043 1381 1108 1422 esse
1123 1363 1196 1428 Nic.

119 1467 216 1527 Faber
235 1464 267 1524 iu
287 1461 464 1546 prelatione
484 1461 632 1524 adfirmat.
653 1459 701 1522 Ex
722 1463 888 1543 eademqne
907 1461 1044 1527 Parisine
1065 1467 1196 1532 editione

120 1572 214 1634 etiam
231 1569 372 1631 Pinciani
383 1578 412 1627 ct
431 1567 571 1650 Opsopaei
584 1563 745 1628 Lectiones
768 1567 897 1649 cognovi
911 1568 969 1648 (de
983 1569 1091 1651 quibus
1105 1595 1197 1659 snpra

119 1677 202 1753 dixi)
215 1696 233 1737 e
248 1672 402 1738 codicibus
416 1672 517 1734 msstis
531 1669 740 1754 Epistularum
752 1669 875 1734 Senecae
887 1674 1100 1759 depromptus;
1119 1700 1197 1760 qm.

120 1803 190 1844 rum
202 1779 263 1841 illae
277 1779 310 1839 in
321 1778 471 1839 Fernandi
490 1777 629 1837 Pinciani
642 1781 673 1836 in
689 1779 805 1839 Seneca
824 1780 933 1860 scripta
957 1779 1196 1864 Castigatibnibtts

120 1910 157 1947 eso
170 1885 426 1949 vetustissimomm
441 1882 643 1959 exemplaniem
657 1883 821 1960 collatione,
837 1905 867 1965 p.
884 1883 960 1957 505,
975 1899 1006 1946 et
1015 1907 1097 1970 seqq.
1107 1887 1197 1973 hujus

122 1992 263 2056 editionis
273 2036 282 2068 ,
294 1989 339 2052 bae
348 2011 422 2052 vero
433 1989 465 2049 in
475 1988 661 2049 Cotkcmmis
675 2000 704 2050 et
715 1988 804 2051 Notis
817 1991 847 2048 in
858 1990 893 2050 L.
902 1991 1047 2053 Aeneam
1058 1996 1196 2057 Senectute

122 2099 195 2161 ibid.
210 2120 241 2181 p.
255 2095 314 2180 617
331 2117 396 2177 sqq.
409 2082 627 2158 continentur¹.
646 2095 762 2156 Grateri
775 2115 850 2156 vero
864 2092 1042 2170 Lectiones,
1054 2118 1091 2158 ex
1105 2101 1199 2179 qnin-

123 2226 180 2286 que
194 2205 283 2268 codd.
297 2201 397 2265 msstis
412 2213 569 2283 excerptas
584 2202 635 2277 (de
650 2199 757 2281 quibus
771 2199 875 2261 itidem
887 2222 979 2284 supra
993 2203 1106 2266 doum
1121 2206 1195 2291 est),

124 2445 223 2496 bonum
236 2440 316 2493 aluta
329 2455 447 2509 expressa
461 2447 520 2488 sunt
529 2454 645 2507 quoque,
660 2448 688 2488 ιιι
697 2435 794 2507 reliqua
807 2436 909 2490 Seneca
920 2457 1017 2507 opera,
1031 2439 1066 2494 sic
1086 2453 1110 2494 et
1125 2442 1199 2513 Ερῖ.

125 2528 199 2580 stota
208 2567 215 2592 ,
224 2523 304 2577 inilia
318 2522 428 2575 editione
437 2557 444 2584 ,
453 2522 606 2593 qnesocma
611 2530 702 2573 octava
710 2520 800 2573 itidem
808 2519 1004 2576 Basiieoeanna
1012 2523 1108 2579 Mox
1107 2529 1131 2581 C
1138 2548 1198 2582 eum

126 2607 254 2677 Dionysii
272 2604 425 2674 Gothsfiedi
441 2601 463 2653 1
463 2604 506 2655 cn·
521 2601 677 2669 Confectaris
694 2612 720 2654 et
735 2604 882 2655 Variacum
898 2602 1050 2658 lectionum
1062 2608 1137 2662 libris
1151 2613 1197 2675 V,

124 2714 172 2762 per
180 2692 278 2745 Easeb.
288 2688 458 2758 Episcopinm
472 2707 560 2740 excusa
575 2686 684 2759 prodiit:
696 2706 753 2756 quae
767 2687 845 2740 editio
857 2687 883 2740 in
895 2703 1012 2764 promptu
1024 2693 1126 2762 quidem
1135 2695 1199 2748 mihi

127 2779 189 2845 init,
202 2776 263 2837 sed,
277 2775 368 2848 qnippe
381 2792 437 2842 qun
447 2771 514 2824 nihil
527 2771 645 2844 precipui
656 2771 774 2837 haberet,
787 2772 867 2825 rarius
878 2773 989 2848 inspectu
1001 2797 1008 2840 3
1022 2797 1082 2830 nam
1095 2792 1120 2831 et
1137 2782 1199 2832 Va..

129 2866 183 2915 rias
200 2861 335 2914 lectiones
354 2877 415 2929 qnas
433 2854 536 2928 collegit
554 2854 746 2927 Gotboj‘redus,
761 2857 863 2910 aliunde
880 2859 993 2930 cognitae
1012 2860 1155 2930 habebam,
1176 2879 1200 2919 et

131 2948 296 3011 Cutimmras
311 2941 425 3014 ejusdem
437 2939 592 3005 consectari,
605 2960 712 3010 querum
726 2940 832 3013 plurima
848 2956 985 3015 pars'recte
999 2966 1013 2998 a
1027 2947 1138 3002 Gentem
1150 2970 1200 3002 ex-

130 3031 198 3104 plosa
208 3042 260 3094 est,
272 3046 355 3101 operae
368 3025 475 3097 pretium
487 3044 541 3077 non
554 3024 623 3076 duxi.

161 3119 171 3149 ¹
182 3116 262 3168 Nata
273 3112 376 3184 quidem
386 3110 486 3162 Mureti
496 3109 528 3161 ad
539 3128 593 3161 rem
604 3108 716 3162 criticam
727 3122 880 3182 spectantes,
892 3112 983 3182 quibus
995 3113 1201 3173 emendationum

131 3213 172 3253 aut
183 3196 353 3250 mutationum
366 3216 381 3248 a
396 3213 422 3246 se
434 3194 575 3246 adlatarum
591 3194 673 3245 iontes
689 3190 827 3258 indicaret,
846 3193 938 3267 oppido
957 3215 1045 3269 pauca
1061 3209 1120 3249 sunt
1131 3214 1138 3248 ι
1151 3219 1201 3269 quo

131 3283 174 3345 lit,
184 3296 213 3336 ut
224 3280 262 3333 eis
274 3279 302 3332 in
312 3278 391 3341 locis,
402 3277 446 3330 ubi
461 3277 504 3329 ille
514 3296 528 3327 a
537 3276 628 3328 nostris
640 3275 711 3328 libris
724 3276 751 3328 in
762 3276 889 3330 diversum
900 3278 968 3343 abit,
981 3277 1085 3332 difficile
1095 3281 1202 3342 subinde

133 3367 241 3439 judicatu
252 3362 299 3431 tit,
310 3375 395 3414 utrum
409 3381 438 3413 ex
449 3360 525 3434 ipsius
535 3359 677 3430 conjectura
688 3396 696 3424 ,
709 3379 743 3412 au
759 3378 789 3411 en
801 3361 904 3413 vetustis
915 3361 1044 3414 codicibus
1057 3363 1160 3421 ductum
1170 3367 1204 3420 sit

133 3454 158 3506 id
170 3450 238 3524 quod
250 3440 319 3501 illins
330 3447 407 3499 editio
419 3444 526 3498 exbibet.
538 3445 569 3495 ln
580 3441 674 3495 eisdem
685 3443 760 3495 Notis
773 3444 817 3508 (ad
829 3443 908 3517 Epist.
920 3446 1010 3510 tvttt)
1022 3465 1100 3517 quum
1112 3450 1204 3507 memi.
1267 3469 1277 3480 ι

134 3538 209 3589 uisset
218 3533 312 3587 vetusti
329 3531 437 3592 codicis,
449 3549 463 3582 e
477 3528 563 3583 Sicilia
580 3540 638 3580 tunc
655 3524 763 3581 maxime
779 3527 811 3579 od
828 3547 855 3579 se
868 3527 957 3588 delati,
976 3548 1103 3601 quomque
1113 3553 1205 3605 poue„

135 3642 163 3673 ex
174 3619 218 3671 illo
229 3616 352 3670 lectiones
366 3612 576 3674 commendasset,
590 3631 649 3662 mox
665 3608 764 3662 nullum
782 3610 889 3684 amplius
901 3610 1006 3663 verbum
1018 3633 1048 3666 en
1058 3616 1147 3677 eodem
1158 3639 1205 3672 se-

87 3728 90 3735 ·
137 3702 192 3755 tulii
198 3741 205 3766 ,
217 3713 247 3753 ut
256 3718 356 3775 prorsus
371 3696 507 3775 seposuisse
522 3695 594 3748 illum
613 3692 706 3747 librum
716 3733 724 3759 ,
736 3714 818 3766 neque
832 3714 906 3766 porro
919 3694 1069 3767 inspexisse,
1081 3698 1205 3761 videatur.

168 3789 180 3817 ²
192 3785 317 3838 Pinciant’
331 3783 520 3850 castigationes
528 3777 637 3851 primum
650 3816 657 3842 ,
673 3778 700 3830 ni
712 3778 804 3842 fallor,
817 3777 844 3829 in
855 3778 937 3830 lucem
950 3779 1046 3833 emissa
1058 3796 1129 3835 erant
1137 3783 1165 3835 in
1177 3802 1206 3837 ea

140 3869 248 3940 Operum
262 3867 366 3919 Senecae
381 3863 508 3924 editione,
527 3882 583 3933 que
599 3864 715 3917 Venetiis
731 3882 801 3914 anno
811 3863 939 3916 MDXX
938 3863 969 3916 X
969 3865 1000 3916 V
996 3865 1018 3916 I
1030 3866 1138 3936 prodiit:
1148 3887 1207 3938 qum

141 3951 200 4004 mibi
215 3968 348 4020 nunqnam
360 3949 413 4001 viso
430 3958 473 4000 est.
487 3946 628 4013 Exhibebst
643 3958 728 3999 autem
747 3964 776 3997 sa
795 3945 872 3999 editio
892 3959 1034 4006 contextum
1049 3949 1082 4002 nb
1102 3951 1207 4009 Erasmo

143 4036 310 4098 constitutum,
318 4033 349 4085 ad
356 4052 432 4104 quem
441 4031 611 4084 referebantur
622 4032 812 4099 Castigatmnes
820 4030 880 4097 ilice,
890 4031 906 4082 i·
914 4052 935 4089 e,
943 4031 1139 4092 Emendationes
1148 4054 1207 4089 cum

145 4138 169 4170 ex
179 4120 259 4172 msstis
270 4118 356 4183 libris,
368 4131 422 4170 tum
433 4139 461 4169 ex
472 4116 574 4190 ingenio
584 4153 592 4179 ,
602 4115 671 4186 quod
681 4126 781 4165 acutum
793 4126 816 4165 et
827 4133 902 4186 sagax
909 4153 917 4176 ,
929 4134 1011 4185 neque
1022 4134 1052 4167 eo
1064 4115 1146 4168 minus
1156 4137 1208 4169 mo·

145 4200 234 4255 dotum
245 4201 373 4258 Pinciana
383 4198 476 4266 inerat,
488 4197 629 4271 proposita.
641 4196 694 4250 Nec
706 4215 765 4251 vero
778 4195 883 4251 tumtun·
896 4195 981 4249 Fatn·
990 4200 1108 4266 priimam
1118 4200 1208 4255 editio·
