2648 4792
470 343 764 415 PRAEFATIO.
790 414 794 419 ,
1114 371 1148 414 ιι
1182 440 1186 446 .

69 503 192 554 ctorem
209 488 251 553 ab
267 488 332 551 ullo
349 488 500 572 opinionis
510 498 686 551 commemo
702 487 852 571 integrum
867 487 1004 563 docebit,
1016 507 1079 551 non
1089 508 1156 552 csse

67 598 264 682 episudiunt,
285 609 337 661 ant
350 591 556 679 fragmentum
571 608 606 656 ut
618 592 747 657 Hesiodi
765 607 881 659 scuttmr
893 607 926 655 ¹.-

115 700 256 782 Reliquis
272 701 455 786 augimentis
467 721 484 761 a
499 695 550 761 W.
562 702 651 765 docte
665 700 810 783 expositis
820 720 881 763 non
894 699 1052 765 immoror.
1063 698 1158 767 Natta

70 805 159 868 enim
178 826 269 868 causa
303 817 367 881 est,
392 827 446 869 cur
467 824 529 866 uon
549 804 651 867 omnia
670 825 724 876 ea,
743 820 808 887 qun
823 804 925 868 adhaec
939 804 1104 869 afferuntur
1118 806 1158 867 ad

74 931 188 994 poema
207 911 281 973 illud
296 907 415 973 Lucilio
449 910 659 973 vindicandum
671 910 701 971 in
717 923 837 994 poetam
854 911 948 973 aliurn
960 911 1098 992 quamvis
1113 930 1158 973 so-
1257 994 1260 999 .

79 1017 197 1078 riorem
211 1018 319 1079 cadere
334 1017 458 1100 possint.

116 1120 215 1184 Paulo
239 1122 398 1186 molestior
419 1143 485 1186 esse
501 1120 619 1185 videtur
638 1125 762 1204 quaestio
774 1123 841 1200 illa,
860 1142 951 1204 quam
971 1135 1002 1184 et
1018 1120 1158 1206 Lipsium

77 1229 108 1288 in
118 1227 203 1311 praei.
212 1231 251 1290 ad
258 1228 314 1291 has
321 1226 476 1311 Epistolas
484 1229 618 1313 attigisse
628 1229 716 1292 video
730 1253 738 1288 ι
754 1227 909 1313 Epistolas
919 1228 975 1290 has
984 1227 1026 1290 ita
1039 1228 1161 1312 scripsit

78 1346 108 1395 ct
123 1331 296 1416 inscripsit,
312 1354 375 1397 non
388 1335 457 1416 quia
471 1356 551 1396 verae
566 1334 641 1412 sint,
658 1346 689 1397 et
701 1334 820 1397 assidue
834 1336 932 1397 missos
946 1357 953 1392 z
969 1354 1029 1395 non
1042 1354 1100 1416 ego
1109 1354 1159 1395 ar-

78 1439 173 1502 bitror
186 1464 195 1499 :
209 1442 262 1503 sed
273 1441 387 1525 placuit
396 1454 427 1504 et
438 1440 516 1503 ratio
532 1441 682 1505 scribendi
695 1441 813 1517 libera,
828 1441 859 1502 in
877 1461 936 1522 qua
951 1440 1094 1525 incipias,
1107 1442 1159 1502 dc-

80 1546 157 1609 sinas
174 1568 268 1627 quum
283 1545 388 1621 lubet;
404 1547 538 1626 inseras,
553 1548 669 1626 varies,
685 1560 718 1609 ut
733 1546 834 1618 lubet;
851 1567 948 1628 neque
960 1545 1162 1629 adstringeris

79 1654 115 1714 ad
131 1653 273 1715 ordinem
291 1666 342 1714 aut
356 1655 516 1719 materiem
535 1669 659 1718 certam.
682 1655 739 1717 Cui
755 1653 866 1736 judicio
884 1674 938 1717 cur
951 1673 1012 1715 non
1027 1650 1159 1716 subscri-

81 1758 212 1822 bendum
226 1761 285 1837 sit,
305 1759 389 1822 nulla
405 1768 496 1823 causa
513 1761 636 1824 subesse
651 1761 775 1823 videtur.

116 1865 224 1948 Quum
242 1869 279 1929 de
302 1866 430 1930 consilio
448 1869 528 1948 quod
542 1867 573 1927 in
586 1867 642 1929 hac
658 1868 790 1933 editione
810 1868 996 1948 sequendum
1010 1878 1111 1941 ratus,
1129 1877 1159 1927 et

81 1973 114 2032 de
132 1972 290 2049 subsidiis,
314 1994 378 2054 quse
400 1973 475 2034 mihi
496 1994 528 2034 se
549 1971 738 2049 obtulerunt,
753 1975 816 2055 jam
838 1974 868 2033 in
889 1969 978 2033 Praei.
995 1970 1157 2045 adVol.1,

80 2076 215 2160 pluribus
230 2080 362 2163 egerim,
379 2077 513 2142 breviter
528 2080 588 2143 hoc
606 2080 675 2143 loco
688 2081 825 2142 addenda
843 2093 927 2155 sunt,
942 2077 1049 2160 quibus
1063 2078 1094 2138 in
1110 2077 1159 2138 his

80 2182 214 2265 epistolis
227 2183 478 2268 recognoscendis
492 2187 630 2267 adjutum
645 2206 695 2246 me
715 2184 804 2245 sensi.
818 2182 865 2245 Ac
877 2184 1009 2264 primum
1025 2182 1075 2245 bic
1088 2183 1158 2242 lau-

79 2292 174 2352 danda
194 2289 270 2351 mihi
282 2302 327 2351 cst
341 2292 462 2374 egregia
476 2291 528 2352 illa
541 2289 728 2373 benignitas,
743 2310 802 2370 qua
816 2290 968 2350 llnrlesius
978 2288 1037 2349 Vir
1052 2303 1079 2350 et
1095 2310 1158 2349 me-

80 2398 142 2458 ritis
156 2397 299 2474 summis,
312 2397 421 2477 quibus
434 2400 470 2459 de
483 2397 589 2459 litteris
600 2398 688 2460 bonis
698 2397 855 2474 inclaruit,
867 2409 899 2457 et
910 2396 1002 2456 animi
1013 2398 1156 2472 candore,

79 2523 137 2583 quo
155 2502 270 2563 nemini
284 2505 429 2565 secundus
447 2516 509 2575 est,
528 2523 600 2566 vere
613 2501 758 2577 Illustris,
777 2524 828 2563 nac
847 2502 905 2564 sibi
919 2501 1008 2584 plane
1023 2502 1158 2584 ignotum

79 2608 233 2692 amplexus
247 2610 286 2671 ad
299 2609 446 2670 maximas
461 2630 535 2690 quas
551 2609 666 2692 possim
677 2609 789 2692 gratias
803 2608 943 2669 devinxit.
960 2606 1047 2670 Misit
1056 2622 1158 2669 autem

79 2715 152 2775 mibi
170 2714 231 2776 Vir
251 2713 379 2777 eximius
402 2715 578 2778 collationes
602 2716 689 2777 codd.
711 2713 978 2797 Norimhergensis
1005 2727 1035 2775 et
1050 2712 1160 2776 Erlor·

78 2821 188 2883 diensis
200 2821 325 2899 (diversi
336 2821 489 2883 tamenab
502 2821 573 2898 illo,
591 2823 669 2882 unde
687 2819 887 2881 amicissimus
903 2818 1040 2896 Matthiae
1059 2821 1157 2881 varic-

78 2941 169 2989 tatem
181 2927 317 2989 lectionis
329 2940 482 2988 enotatam
493 2907 568 2987 inihi
582 2926 729 3003 miserat)
740 2947 800 2986 una
812 2947 882 2988 cum
896 2927 1027 2988 editione
1037 2940 1159 2998 vetere,

78 3056 168 3115 quam
194 3056 232 3095 ex
256 3034 392 3096 auctione
408 3033 605 3096 Bibliothecae
619 3030 714 3094 Gottl.
730 3028 840 3095 Corttii
861 3030 1045 3096 Professoris
1062 3053 1157 3112 quon-

78 3140 147 3201 dam
162 3136 248 3222 Lips.
266 3152 398 3216 emerat,
419 3154 448 3200 et
466 3139 630 3201 editionem
641 3137 829 3212 Variorum,
845 3137 893 3199 cui
909 3138 1020 3220 passim
1038 3136 1157 3196 notulas

79 3247 220 3325 quasdam
235 3243 317 3306 ltaud
344 3246 525 3328 spernendas
546 3244 769 3326 adscripscrat,
792 3243 921 3324 aliaque.
950 3241 1156 3323 Neapolitanae

78 3371 196 3432 quoque
214 3349 373 3424 editionis,
390 3372 453 3431 quae
468 3351 602 3433 primum
616 3349 718 3412 locum
731 3351 808 3412 inter
826 3352 891 3411 edd.
914 3362 1058 3426 rueretur,
1075 3362 1155 3416 non-,

78 3456 148 3515 dum
159 3454 291 3527 collatae,
311 3476 402 3536 quam
420 3477 437 3517 e
452 3455 634 3518 bibliotheca
653 3455 723 3516 Viri
739 3456 851 3539 egregii
869 3454 1085 3516 Vindobonam
1099 3457 1157 3517 mi-

79 3582 179 3642 grasse
195 3561 300 3637 audio,
314 3575 470 3644 excerptas
482 3561 625 3624 lectiones
637 3562 742 3645 primae
754 3561 886 3644 epistolae
903 3561 979 3622 mihi
995 3563 1155 3625 mittendas

80 3668 200 3728 curavit.
213 3666 331 3748 Quibus
343 3669 484 3729 omnibus
495 3689 544 3729 me
556 3669 728 3751 gratissimo
743 3668 845 3727 animo
858 3689 945 3727 usum
958 3688 1023 3729 csse
1034 3668 1155 3750 publice
1221 3695 1224 3700 ·

80 3775 232 3854 profiteor.
256 3771 404 3854 Quamvis
425 3775 469 3860 illi
495 3776 579 3837 codd.
596 3774 775 3857 plerumque
790 3795 859 3835 cum
876 3771 1066 3834 Gruterianis
1085 3794 1155 3835 con-

81 3879 240 3961 spirarent,
254 3900 308 3941 nec
319 3880 348 3939 in
359 3879 434 3941 locis
450 3878 546 3941 dubiis
558 3892 609 3940 aut
625 3879 775 3961 corruptis
789 3879 951 3960 quidquam
965 3878 1067 3939 auxilii
1080 3899 1154 3960 prae-

113 4093 120 4122 ¹
133 4091 221 4159 Quum
235 4091 261 4143 in
275 4114 304 4145 eo
316 4113 400 4159 eram,
413 4107 440 4145 ut
454 4093 506 4147 htec
518 4094 596 4165 praelo
609 4113 739 4165 pararem,
749 4093 921 4169 intelligebam
933 4115 946 4146 e
956 4094 1150 4149 litterisamicis·

82 4180 133 4232 simi
146 4182 261 4241 ttlauhie
273 4184 304 4237 ad
320 4205 359 4238 rnc
373 4185 450 4252 datis,
463 4185 510 4240 sibi
521 4205 589 4239 nunc
601 4184 715 4238 camdem
727 4186 876 4239 sententiam
888 4185 996 4259 probaui.
