2648 4792
133 342 154 415 s
449 341 490 413 r.
516 333 557 412 n.
584 329 883 413 nu'nsornn'

133 486 351 551 commertium
366 485 439 568 suit,
463 486 494 546 iu
508 486 543 547 in
553 499 690 569 tempus,
706 507 766 568 quo
780 485 867 550 Nero
884 475 1106 572 malignitatem
1116 489 1217 566 anina}

131 585 291 657 ostendere
305 593 469 674 inciperet,
482 605 512 654 et
523 589 640 654 Seneca
651 594 872 657 consuetudinis
883 612 988 678 parum
1000 595 1134 658 honestae
1142 616 1214 659 cum

130 699 316 785 Agrippina,
339 718 512 780 quanquam
532 697 626 774 salso,
649 698 859 777 insimulatus,
884 701 1033 784 gratiam,
1051 722 1112 783 qna
1132 703 1234 784 apud·

130 805 291 869 Neronem
315 803 486 881 floruerat,
514 805 626 867 sensim
655 804 817 888 frigescere
847 806 1037 890 intelligeret.
1066 803 1116 870 Cf.
1147 805 1212 874 Dio

130 910 218 976 Cass.
237 924 309 988 uxr,
327 933 374 972 ιο.
388 907 479 972 Unde
500 910 612 973 lactum
636 926 701 973 esse
722 912 851 988 videtur,
870 926 902 973 ut
916 911 1000 986 omni
1021 912 1086 974 iere
1104 913 1213 996 reipu-

129 1018 216 1081 blicae
239 1018 499 1081 administratione
518 1017 682 1080 identidem
706 1016 835 1092 omissa,
852 1031 918 1079 tum
933 1019 995 1080 otio
1011 1017 1159 1081 litterario
1181 1032 1213 1081 et

129 1113 342 1206 philosophico
356 1122 453 1206 magis
464 1121 620 1206 magisque
635 1143 667 1184 se
679 1123 827 1200 traderet,
839 1136 903 1184 tom
916 1122 1090 1200 itineribus,
1102 1124 1213 1205 quibus

129 1228 347 1307 delectabatur,
365 1228 523 1306 iaciendis,
544 1232 705 1292 accedente
727 1250 845 1311 quoque
867 1229 1038 1292 valetudine
1051 1230 1149 1308 mala,
1170 1233 1211 1294 ad

128 1335 261 1398 Baianas
272 1336 422 1414 thermas,
436 1330 606 1416 Neapolin,
623 1330 783 1410 Puteolos,
799 1339 838 1398 ad
848 1337 935 1399 villas
949 1358 1018 1400 suas
1032 1336 1208 1411 Albanum,

65 1501 67 1504 ,
128 1435 356 1502 Nomentanum
371 1453 428 1502 etc.
449 1442 620 1518 secederet,
636 1442 730 1504 animi
744 1441 899 1505 relaxandi
924 1456 954 1506 et
965 1464 1074 1527 corpus
1084 1447 1211 1508 curandi

128 1568 232 1610 causa.
259 1545 364 1628 Quare
388 1546 525 1630 plutima·
546 1547 679 1630 epistola
698 1547 809 1625 Baiis,
835 1547 990 1633 Neapoli,
1009 1563 1066 1614 etc.
1090 1548 1211 1637 toripbe

128 1663 207 1722 sunt,

167 1757 218 1824 De
239 1760 347 1821 Lucilio
366 1759 502 1836 Juniore,
524 1763 562 1823 ad
586 1783 677 1842 quem
700 1761 842 1847 epistolas
861 1762 918 1826 bas
934 1764 1054 1848 scripsit
1065 1762 1207 1844 Seneca,

127 1869 235 1932 omnia·
245 1867 370 1951 vestigia
385 1859 519 1928 bistoriae
534 1880 564 1930 et
575 1867 706 1950 politicae
720 1883 749 1930 et
765 1869 918 1933 litterariae
932 1885 995 1933 tam
1008 1872 1150 1936 radicitus
1159 1896 1209 1937 su-

126 1976 208 2053 blata
232 1988 264 2037 et
284 1975 384 2036 deleta
405 1988 491 2052 sunt,
513 1988 547 2035 ut
567 1975 624 2036 uisi
642 1973 765 2037 Senecae
782 1978 954 2040 vaticinatio
974 1994 1065 2063 supra
1080 1983 1209 2046 adducta

126 2084 239 2148 exitum
247 2082 418 2160 habuisset,
431 2082 560 2164 ideoque
572 2084 636 2165 ejus
649 2082 720 2143 libri
731 2084 768 2144 de
779 2081 971 2146 Providentia
985 2086 1049 2163 ,hac
1059 2089 1207 2171 epistolas,

126 2205 156 2254 et
174 2191 327 2253 naturales
348 2189 525 2271 quaestiones
547 2187 666 2252 Lucilio
688 2188 823 2273 inscripti
848 2193 1030 2253 memoriam
1045 2193 1134 2277 liujus
1148 2197 1207 2258 tiri

124 2311 353 2359 conservassent
367 2342 376 2374 ,
391 2317 514 2378 prorsus
527 2295 603 2356 nihil
618 2298 655 2358 de
667 2316 704 2357 eo
718 2296 862 2358 sciremus
875 2318 883 2356 τ
896 2318 1068 2379 quanquam
1079 2320 1208 2386 magnus
1263 2297 1264 2304 ¹

124 2401 214 2464 luerit
229 2396 262 2462 in
275 2402 430 2485 provincia
445 2399 549 2463 Sicilia
565 2403 640 2483 (Ep.
655 2410 749 2476 xnttt,
767 2404 824 2481 a),
840 2404 923 2486 cujus
936 2420 1126 2487 procurator,
1141 2426 1211 2492 quac¹

122 2509 180 2571 fuit
201 2507 342 2570 nobilitas
372 2509 518 2589 equestris
541 2504 591 2589 (v.
613 2498 712 2568 Taciti
736 2509 787 2570 rit.
811 2508 945 2592 Agricol.
970 2533 995 2573 c.
1019 2512 1056 2589 4,
1084 2528 1116 2576 et
1140 2512 1205 2578 Dio

40 2691 42 2695 ¹
123 2615 210 2680 Cass.
225 2632 300 2694 unt,
317 2615 389 2696 15),
405 2637 441 2678 ex
454 2630 541 2677 more
558 2636 576 2676 a
597 2612 716 2678 Caesare
734 2614 845 2676 electus
860 2630 933 2678 erat.
947 2615 1047 2681 Locus
1062 2617 1206 2686 classicus

123 2724 161 2784 de
183 2721 300 2805 origine
322 2735 352 2782 et
376 2718 445 2782 satis
467 2721 531 2802 ejus
558 2733 603 2783 est
621 2708 925 2802 Natur.Quaest.1v,
942 2744 1071 2806 prooem.
1090 2748 1126 2788 ex
1142 2746 1204 2810 quo

122 2828 248 2909 aliisque
264 2825 461 2911 epistolarum
475 2825 550 2888 locis
564 2825 718 2903 videmus,
734 2847 806 2888 eum
819 2827 927 2889 humili
944 2829 1012 2893 loco
1026 2845 1150 2910 natum,
1171 2847 1204 2897 ut

122 2935 251 3012 videtur,
266 2933 297 2994 in
308 2921 507 3016 campania¹,
519 2931 616 2993 studio
627 2932 797 2994 litterarum
812 2933 962 2995 bonarum
974 2948 1005 2997 et
1019 2938 1203 3021 jurisperitis

122 3044 280 3124 tantopere
292 3038 449 3117 enituisse,
464 3052 495 3099 ut
504 3059 596 3120 eques
603 3037 762 3100 Romanus
774 3039 868 3102 sactus
881 3054 960 3101 esset
970 3039 1050 3124 (Ep.
1061 3059 1155 3122 xntv,
1173 3065 1200 3104 r:

125 3178 140 3202 α
153 3148 257 3231 Eques
265 3145 425 3210 Romanus
437 3168 487 3223 es,
502 3159 530 3208 et
544 3140 670 3208 adhunc
681 3147 819 3207 ordinem
831 3168 949 3207 summa
958 3161 987 3208 te
999 3151 1140 3230 produxit
1151 3153 1203 3212 in-

123 3256 236 3317 dustria
244 3256 298 3332 a),
312 3269 420 3317 etmox
430 3252 563 3335 pericula
574 3252 640 3314 vitae
649 3251 752 3313 aulicae
761 3251 889 3313 feliciter
899 3252 1043 3315 eluctatus
1053 3276 1201 3337 procura-

121 3362 237 3425 tionem
249 3362 360 3426 Sicilie
373 3362 533 3444 acciperet.

163 3469 270 3542 Mores
292 3481 356 3562 ejus
376 3479 527 3541 modestos
538 3517 550 3553 ,-
563 3469 658 3537 animi
676 3477 855 3554 candorem,
878 3477 1076 3538 constantiam
1096 3476 1199 3539 etbu—

154 3730 163 3773 ί
175 3739 250 3792 Nunc
259 3735 323 3790 mihi
336 3737 459 3790 incertum
471 3750 523 3802 est,
538 3755 571 3788 an
583 3734 694 3802 Neapoli
708 3753 766 3787 cum
778 3735 914 3787 oriundum
928 3754 979 3787 esse
991 3734 1112 3798 dicamus,
1127 3738 1196 3805 quod

122 3855 150 3885 ea
162 3833 210 3903 Ep.
230 3846 295 3895 ultr,
314 3826 448 3899 colligitur.
463 3826 500 3878 lbi
515 3829 608 3889 Seneca
624 3824 657 3878 ad
675 3824 798 3877 Lucilium
814 3824 918 3886 scribit,
937 3846 955 3876 o
968 3823 1133 3889 Parthenope
1148 3836 1196 3878 tua

120 3942 201 3990 usque
214 3922 346 3973 Puteolos¹
361 3916 432 3969 Alibi
442 3930 526 3969 autem
539 3918 585 3990 Ep.
599 3931 675 3982 xllx,
689 3927 714 3966 et
725 3914 911 3982 Pompeiorum
921 3926 1025 3967 tuorum
1034 3925 1196 3981 conspectum

120 4025 261 4073 memorat,
276 4029 332 4080 quae
350 4008 437 4078 repetit
455 4007 502 4081 Ep.
516 4021 582 4073 ιιι,
602 4029 621 4058 ι.
637 4006 761 4059 Ceterum
778 4005 864 4057 omnia
883 4024 940 4075 quae
955 4007 986 4058 de
999 4027 1028 4058 eo
1041 4006 1103 4058 scire
1115 4006 1193 4069 licet,

119 4109 171 4178 jam
184 4126 198 4157 a
209 4103 233 4157 b.
247 4098 431 4158 wernsdorfio
448 4100 521 4153 Tom.
534 4099 587 4167 IV,
600 4121 624 4171 p.
641 4117 676 4151 ιι.
689 4117 743 4169 sqq.
759 4098 829 4150 Poet.
842 4096 909 4150 Min.
927 4098 1074 4152 batinomm
1089 4097 1193 4150 collecta

119 4197 184 4252 sunl.
