2648 4792
418 394 690 467 aristo-tt
713 398 767 467 ΙΙ.

375 768 697 891 nulsione
729 769 794 855 11.

529 954 662 974 υ*

301 1095 342 1132 Dll
360 1095 568 1136 tttnnntnua
586 1095 627 1134 u
645 1092 885 1133 nannenten,

86 1221 232 1284 bacilium,
246 1220 290 1292 qni
298 1221 402 1275 Senecae
413 1222 558 1294 scripserat,
571 1241 597 1274 se
608 1219 712 1274 lectioni
722 1221 846 1273 librorum
856 1240 957 1294 operam
969 1242 1075 1289 navare,
1084 1245 1131 1279 nee

57 1310 174 1362 locorum
188 1306 371 1359 mutationibus
382 1306 514 1372 delectari,
527 1305 629 1368 laudat,
646 1316 670 1356 et
683 1318 710 1356 ut
722 1304 749 1356 in
762 1305 800 1356 bis
814 1305 920 1380 inceptis
931 1320 1036 1381 pergat,
1050 1310 1133 1362 borta-

53 1406 103 1444 tur.
117 1392 203 1465 l’rope
213 1390 467 1462 idemargumentnm
479 1388 527 1460 Ep.
537 1404 623 1442 xxvttt
635 1399 678 1440 est
693 1387 771 1440 Addit
782 1388 883 1462 egregia
898 1389 1004 1443 consilia
1020 1392 1052 1444 de
1067 1407 1133 1446 recte

55 1487 80 1527 et
94 1472 193 1526 utiliter
211 1472 327 1543 legendis
343 1471 432 1535 libris,
451 1490 509 1542 quae
529 1471 557 1523 in
576 1471 727 1523 memoriam
746 1484 866 1524 revocant
884 1473 948 1525 illud
965 1473 1135 1544 Quinctiliani

56 1558 136 1611 lustit.
145 1557 219 1608 Orat.
231 1557 267 1617 Χ,
282 1573 292 1606 ι
302 1593 309 1617 ,
318 1555 397 1608 multa
407 1556 488 1626 magis
497 1575 574 1627 quarn
583 1556 721 1608 multorum
734 1555 842 1609 lectione
852 1554 1002 1612 firmandam
1012 1574 1134 1629 mentem,

58 1655 81 1694 et
91 1641 239 1694 (lucendum
253 1658 305 1691 esse
318 1637 446 1691 colorem:
459 1639 512 1692 sive
526 1640 594 1711 qnod
611 1639 661 1690 alio
676 1638 731 1692 loco
744 1652 815 1693 acute
826 1642 955 1716 praecepit,
971 1662 1023 1695 non
1038 1645 1133 1712 multa,

57 1725 97 1777 sel
111 1723 223 1775 multum
233 1721 318 1794 legere
332 1734 457 1795 oportere.
471 1723 612 1794 Egregium
624 1723 725 1775 tandem
745 1723 809 1776 illud
821 1725 973 1790 consilium,
986 1740 1013 1779 ut
1024 1730 1136 1784 Lucilius

60 1809 104 1863 sibi
117 1809 235 1882 quotidie
252 1806 390 1860 electione
406 1826 452 1860 tua
467 1819 618 1881 praeeeptum
634 1807 741 1879 aliquod
758 1808 847 1862 efficax
863 1824 994 1883 excerpat,
1011 1832 1025 1865 a
1043 1834 1070 1866 se
1082 1815 1136 1887 ipso

63 1892 185 1947 custodiri
197 1892 232 1945 ait
242 1891 351 1954 Seneca,
368 1889 478 1960 ideoque
491 1887 548 1942 linit
561 1890 692 1961 epistolam
704 1890 773 1943 dieto
785 1892 911 1965 Epicureo
922 1913 928 1947 :
941 1890 1072 1949 bouettam
1083 1916 1138 1949 rent

62 1995 111 2029 esse
119 1976 206 2030 laetam
220 1984 398 2048 paupertatem.
412 1974 510 2048 Saepius
521 1976 652 2028 revertitur
662 1976 752 2028 Noster
761 1977 860 2032 adbaec
869 1979 976 2033 consilia
989 1979 1137 2033 delectione

63 2072 125 2113 reete
137 2059 301 2112 instituenda.
317 2058 358 2111 Cf.
369 2057 400 2110 de
411 2057 553 2128 Tranquill.
568 2057 653 2110 Anim.
667 2059 760 2123 1X‚4;
774 2059 853 2130 Epist
866 2077 930 2127 xiv,
945 2076 1081 2128 emitti,
1093 2075 1139 2116 etc.

64 2144 199 2196 -blature
211 2153 295 2196 autem
307 2140 386 2206 vitia,
401 2158 457 2207 quar
472 2140 500 2192 in
513 2140 629 2213 legendis
642 2140 713 2194 libris
726 2141 957 2205 committerentur.
968 2144 1044 2197 fuisse
1054 2144 1139 2197 obser·

64 2242 116 2282 vata
134 2227 227 2283 avitia
246 2224 457 2299 intelligentibus,
477 2224 570 2278 elocent
583 2225 625 2277 vel
642 2224 779 2278 Aristarchi
796 2239 820 2279 et
837 2228 1014 2304 Aristophanis
1037 2229 1140 2302 Bysant.

65 2326 202 2388 precepta,
218 2309 272 2364 aive
287 2309 382 2362 indices
393 2308 516 2362 librorum
534 2308 567 2360 ad
582 2308 721 2383 legentium
738 2309 1014 2382 fructuosissimorum,
1029 2312 1076 2367 sub
1087 2334 1142 2367 no-

67 2401 134 2453 mine
150 2415 279 2452 canonum
292 2394 424 2447 notissimi.
439 2393 538 2462 Quibus
549 2406 632 2446 tamen
645 2394 690 2447 illa
703 2393 764 2448 vitia
776 2415 829 2447 non
842 2415 943 2467 prorsus
959 2398 1057 2451 sublata
1068 2418 1139 2464 esse,
1182 2406 1186 2419 ¹

68 2506 96 2538 er
106 2484 192 2537 studio
203 2481 338 2534 bominum
348 2479 411 2546 isto,
425 2499 476 2550 quo
488 2477 570 2531 videri
585 2491 662 2548 quam
674 2498 727 2532 esse
738 2478 843 2544 malint,
859 2483 919 2536 satis
929 2503 1054 2557 superque
1064 2496 1141 2557 pate-

68 2583 103 2623 ret
114 2567 165 2621 niti
176 2562 260 2620 atlbue
271 2562 454 2637 Polybiuslll‚
466 2567 514 2634 57,
525 2584 549 2636 p
563 2561 612 2616 513
623 2582 660 2635 sq.
672 2563 747 2615 Tom·
759 2564 771 2616 l
782 2598 789 2626 ,
800 2563 840 2617 etl.
853 2563 1055 2639 Schweighaeus.
1067 2568 1100 2620 de
1111 2588 1141 2625 eo

70 2668 234 2730 quereretur.
246 2652 299 2709 Sed
310 2650 365 2706 htec
375 2649 456 2703 obiter
468 2661 492 2702 et
504 2647 576 2720 quasi
590 2645 728 2720 perfusoria
739 2645 781 2701 hic
793 2660 891 2703 tantum
902 2651 1025 2724 attingere
1033 2650 1100 2706 licet

352 2836 466 2874 ΙΙΜΕΔ
483 2834 612 2873 bruculo
630 2834 687 2871 600
705 2833 851 2871 ultum-

115 2948 236 3020 Exbis
247 2970 323 3040 quae
336 2943 421 3012 mihi
434 2942 555 3011 scribis
568 2946 594 3026 ¹,
614 2959 648 3008 et
660 2966 700 3010 ex
712 2940 767 3009 hia
783 2966 859 3034 quae
877 2943 1004 3029 audio,
1023 2945 1144 3015 bonam

70 3090 165 3161 spem
184 3065 228 3133 de
246 3080 280 3133 te
297 3048 475 3154 concipio3
495 3083 564 3127 non
581 3057 765 3141 discurris,
788 3083 853 3127 nec
869 3059 1020 3129 looomm
1034 3077 1147 3130 muta-

71 3183 225 3253 tionibus
242 3179 456 3272 inquietaris.
474 3177 571 3270 AEgri
586 3177 712 3244 animi'
726 3176 789 3244 ista
799 3175 940 3269 jactatio
958 3170 1045 3246 θεῖ’.
1069 3178 1148 3246 Pri-

106 3371 186 3425 μὴ
196 3371 237 3423 bis
246 3386 305 3438 qm
316 3366 384 3420 anti
389 3367 490 3419 scribis.
500 3365 587 3436 Vulgo
635 3363 860 3427 ammiserant,
871 3375 981 3437 spectare
991 3363 1054 3416 illud
1066 3366 1148 3419 moni·

72 3445 308 3504 Eeeaettsttetevi
317 3445 423 3498 otiosam
432 3441 586 3512 particulam,
636 3439 1149 3509 tumadverbamorseqnentiaetexbt's

72 3546 152 3601 qnam
166 3545 213 3579 nec
226 3523 344 3577 codicum
359 3535 491 3574 mistorum
504 3521 587 3584 ullus,
636 3539 696 3589 qua
715 3521 797 3571 audio
813 3554 821 3583 ,
843 3516 887 3570 ubi
907 3519 1043 3592 typothetae
1064 3542 1148 3577 errore

74 3625 125 3659 nec
134 3603 187 3658 nlla
197 3625 227 3656 ex
239 3600 341 3654 vetustis
353 3619 415 3670 quas
428 3597 480 3649 virli
493 3596 590 3654 editio·
637 3597 681 3664 (in
693 3597 733 3650 ed·
744 3595 841 3648 Erum
856 3615 885 3659 a,
898 3596 1007 3671 primum
1020 3600 1148 3669 admisso)

76 3683 152 3735 nibus
165 3679 294 3752 agnoscit,
308 3696 365 3748 quae
376 3677 502 3728 minutam
512 3673 589 3725 Else-
638 3693 767 3748 perperam
790 3674 953 3747 praetermissa
979 3689 1004 3730 et
1029 3679 1150 3752 particula

76 3760 202 3814 vicianum
219 3758 311 3823 (anuo
333 3755 418 3825 1649,
437 3751 589 3826 procuratu)
639 3765 698 3806 erat.
710 3751 793 3804 Scbw.

77 3847 264 3912 peoeeesserunt.
274 3833 402 3887 inculcata
412 3831 439 3884 b.
454 3830 471 3882 l.
485 3840 538 3881 crat
547 3827 591 3881 illa
672 3850 696 3882 a.
708 3829 794 3899 AEgri
802 3833 931 3885 animi.....
944 3842 989 3885 ert.
1001 3833 1059 3887 Hoc
1071 3835 1151 3887 animi

76 3914 200 3991 particula
213 3932 258 3984 per
270 3910 380 3965 bominis
394 3927 516 3970 errorem,
529 3905 590 3977 qni,
641 3907 730 3960 vitium
742 3925 808 3981 sepe
818 3919 897 3968 taxat.
907 3909 1024 3983 inprimis
1033 3911 1064 3964 de
1074 3912 1153 3964 Tran-

76 4010 158 4065 qunn
171 3995 200 4045 in
213 3990 316 4044 Grutcri
326 3983 593 4063 Animadversionibus
641 3985 715 4058 quill.
728 3985 817 4038 Animi
828 3986 871 4052 tl,
887 4007 914 4039 ιι
926 4008 964 4057 sq.
981 3988 1072 4041 linat.

77 4073 206 4126 monitum
219 4067 525 4142 legisset:«Stribeetex
533 4064 593 4117 tis:
676 4060 701 4114 3.
717 4062 842 4117 lactatio.
869 4064 1003 4136 Pei-peram
1024 4066 1154 4135 jactantia

79 4176 93 4200 ι
102 4170 163 4206 nam
177 4149 211 4204 ita
222 4149 307 4202 omnis
317 4144 490 4220 scriptalmtio
502 4163 509 4209 3
520 4163 594 4197 »non
645 4163 689 4194 ms.
704 4163 724 4196 c.
740 4153 765 4194 et
776 4141 814 4194 ed.
826 4143 862 4195 A.
876 4139 958 4197 Sctw.
