2648 4792
500 359 818 431 onerario·
1145 317 1181 466 i,
1247 438 1251 452 ,

109 500 300 584 inauspicato
309 499 420 584 quippe
433 500 475 563 ab
487 501 753 590 interpolantibus
773 503 906 586 adjectu
930 507 1052 570 dolebat
1063 529 1184 574 meeum

108 607 158 671 bis
172 606 317 689 deinceps
331 607 508 690 nuperrime
521 606 615 669 editas
629 628 693 669 esse
707 605 831 671 Senecae
844 607 1003 698 Epistulas.
1011 596 1185 697 priusquam

108 713 305 777 uberioribus
319 715 358 775 ad
373 715 497 777 easdem
513 715 715 777 emendandas
728 716 888 799 presidiis,
908 739 974 799 quae
988 735 1092 803 parata
1106 726 1186 806 apud

108 840 174 882 non
186 820 345 883 neminem
353 832 384 881 et
393 819 424 880 in
434 833 579 904 promptu
589 840 655 882 esse
665 821 822 885 constabat
830 835 850 900 ¹,
862 824 905 884 uti
918 825 1085 908 potuissent
1094 830 1187 891 edito·

109 949 170 991 res.
184 925 261 991 lude
278 924 501 1007 Commentarii
514 927 694 1003 consilium,
715 928 838 991 editioni
854 951 913 991 suae
926 933 1125 1015 adjungendi,
1150 957 1187 997 eo

109 1018 221 1097 direxit
239 1033 288 1097 rir
309 1037 431 1110 doctus,
455 1048 490 1096 ut
509 1056 546 1099 ex
564 1033 627 1113 bis,
650 1057 715 1116 quse
728 1038 768 1098 ad
782 1036 994 1120 corrigendum
1016 1053 1188 1105 contextim

111 1153 302 1223 spectarent,
323 1140 444 1203 nonnisi
466 1162 503 1203 ea
524 1163 589 1222 quae
610 1140 736 1222 majoris
749 1141 904 1224 eujusdam
926 1145 1073 1206 momenti
1090 1162 1190 1211 essent

108 1247 276 1324 delibaret,
291 1248 476 1331 praecipuam
491 1267 595 1311 curam
611 1247 643 1307 in
660 1246 941 1330 interpretationem
954 1248 1094 1312 locorum
1106 1251 1190 1312 diffi-

108 1353 254 1417 ciliorum
269 1366 460 1418 converteret
470 1399 480 1430 ,
492 1374 544 1416 me
558 1372 630 1415 vero
644 1351 831 1436 compellare
845 1354 1021 1436 hortarique
1033 1356 1114 1418 ultro
1125 1379 1190 1420 eoe-

109 1461 174 1544 pit,
188 1474 224 1523 ut
237 1461 271 1523 in
285 1461 389 1523 criden
404 1472 492 1544 parte
505 1481 667 1545 pergerem
681 1458 859 1535 elaborare,
875 1482 911 1524 ae
922 1461 985 1523 sire
996 1460 1094 1524 Notas
1104 1485 1190 1527 meas

109 1569 149 1630 ad
166 1580 268 1630 totum
291 1586 369 1650 opus
392 1578 560 1649 spectantes
582 1586 686 1627 secum
706 1566 985 1644 communicarem,
1012 1569 1102 1630 simul
1120 1590 1189 1632 cum

109 1675 204 1758 ipsiu
216 1666 378 1737 Adnotatis
391 1674 466 1736 olim
480 1674 511 1734 in
528 1672 628 1735 lucem
642 1671 838 1747 emittendas,
861 1673 925 1734 sive
946 1673 1046 1755 ipsum
1065 1687 1190 1737 contex-

109 1791 176 1841 tum
187 1799 261 1843 meo
273 1780 385 1862 judicio
397 1780 588 1841 emendatum
607 1777 776 1859 criticisque
792 1777 1103 1841 animadversionibus
1119 1781 1190 1843 illu—

109 1900 262 1964 stratum,
291 1907 414 1969 quoquo
438 1889 532 1948 modo
555 1885 649 1948 ferret
668 1885 811 1962 occasio,
836 1886 868 1946 in
890 1885 1047 1968 publicum
1066 1888 1189 1969 prodire

109 1984 261 2076 juberem.
272 1994 386 2078 Accepi
400 1993 622 2063 conditionem,
634 2006 665 2055 et
673 1989 861 2076 Philosopbo
875 2006 981 2054 nostro
994 1993 1103 2054 natavi
1114 2014 1190 2076 ope-

110 2120 179 2163 ram
200 2116 295 2182 quam
314 2099 398 2182 potui
419 2098 700 2183 diligentissimam:
718 2119 871 2178 quumque
886 2118 955 2158 suas
971 2095 1191 2160 Adnotationes

110 2225 172 2267 nou
186 2219 258 2268 ante
271 2207 422 2269 editurum
436 2226 469 2266 se
484 2204 637 2288 professus
651 2205 688 2263 sit
699 2202 865 2275 llluttlriw,
882 2224 974 2282 quarn
988 2203 1019 2265 iu
1035 2202 1190 2286 publicum

110 2312 260 2394 prodierit
273 2313 435 2396 adparatus
454 2311 506 2373 ille
527 2310 709 2371 variantium
723 2305 918 2381 Lectionum,
935 2330 1026 2391 quem
1038 2307 1189 2394 Rubkop-

111 2417 170 2481 iim
180 2418 213 2480 in
226 2417 436 2481 sextumolim
449 2414 571 2479 Senecae
585 2417 632 2477 sui
646 2414 789 2477 volumen
802 2436 834 2477 se
851 2415 1058 2498 conjecturum
1072 2415 1189 2499 signiti-

145 2672 153 2702 ¹
167 2669 321 2740 bdparatum
333 2668 391 2721 dieo
407 2666 480 2721 illurn
502 2687 563 2720 cura
578 2687 608 2719 ac
624 2665 708 2718 studio
729 2666 789 2736 Igu.
809 2669 879 2736 Aug.
896 2667 1026 2736 Fesslert',
1045 2668 1186 2742 sumptibus

108 2755 210 2808 Kumii
216 2751 591 2824 bibliopolssWratislaviensis
601 2752 765 2830 instructumj
775 2772 826 2823 quo
837 2753 980 2806 continetur
985 2756 1022 2817 (ut
1029 2753 1186 2828 liubboplius

109 2840 145 2894 ait
153 2837 303 2893 intentam
310 2835 1127 2911 SenvolIV‚p.fisq.nostrteautemed.vol.l,p.111)proecluru
1136 2837 1185 2891 Lr·

107 2928 222 2978 ctionem
232 2923 395 2974 woremiam
401 2922 475 2989 eopia
486 2921 581 2973 ecodd.
590 2923 694 2978 msstis,
706 2922 753 2988 qui
760 2918 908 2973 Mediolani
914 2925 943 2973 in
950 2922 1104 2981 bibliotheca
1112 2924 1185 2974 Am·
1228 2939 1234 2944 ·

108 3011 246 3068 bresiana,
255 3005 428 3069 Vindobona,
436 3005 613 3074 argentorati,
623 3003 726 3067 Bernoe,
733 3004 848 3074 Altorfii,
855 3005 997 3074 Erfurdrie,
1007 3006 1184 3070 Helmstudit',

111 3091 240 3161 Erlongoe
248 3101 273 3143 et
282 3088 443 3161 Guelferbyti
453 3100 625 3142 asservantur.
638 3088 796 3162 Comparate
808 3090 907 3142 fuerant
917 3089 967 3142 itta
975 3091 1055 3161 cupite
1065 3091 1113 3140 hoc
1122 3108 1184 3140 con·

109 3173 181 3240 silio,
189 3188 220 3226 ut
233 3191 319 3227 earum
328 3192 376 3246 ope
383 3173 546 3226 adornaretur
553 3190 619 3224 nova
627 3171 741 3246 Operum
750 3173 852 3225 Senecae
860 3173 936 3226 editio
945 3173 1064 3224 omnibus
1072 3172 1184 3225 numeris
1267 3189 1275 3209 ⁸

109 3259 307 3325 absolutissima,
314 3277 371 3330 que
377 3277 446 3311 anuo
455 3256 526 3310 XCV
534 3257 668 3331 superioris
674 3257 758 3310 seculi
768 3277 860 3329 magno
869 3257 972 3328 quidem
980 3257 1052 3309 biatu
1062 3259 1184 3330 promisse

110 3358 181 3411 erat,
192 3344 267 3398 tertio
278 3357 333 3417 post
344 3362 411 3396 anno
422 3341 448 3394 in
458 3341 585 3415 publicum
599 3342 735 3395 emittenda
746 3343 811 3410 (vid.
822 3342 1046 3412 Intelligensblutt
1055 3345 1102 3395 tier
1111 3346 1185 3414 Attg.

110 3424 165 3478 lit.
177 3425 305 3493 Zeiirrng,
322 3423 391 3497 1796.
402 3425 452 3476 No.
470 3424 543 3491 ιω,
560 3424 605 3477 sed
620 3445 750 3496 nunquam
769 3425 797 3477 in
814 3423 943 3496 publicum
960 3422 1061 3496 prodiit.
1074 3425 1183 3478 Easdem

110 3528 194 3577 nuper
204 3509 288 3581 copias
299 3527 403 3573 omnes,
414 3507 522 3561 liburie
531 3508 733 3561 Weidmanniae
746 3530 793 3563 aere
806 3508 961 3580 redemptas,
976 3521 1032 3581 post
1040 3507 1116 3559 editas
1131 3507 1182 3579 jam

109 3615 126 3648 a
136 3591 284 3664 Rublroplio
293 3605 318 3644 et
328 3612 343 3644 a
354 3592 469 3647 matthie
480 3592 604 3663 Epistulas
615 3592 732 3657 Senecoe,
744 3593 771 3645 in
781 3590 921 3665 Ruhtopfii
930 3612 1019 3646 manus
1030 3593 1180 3666 pervenisse,
1287 3636 1292 3648 .

109 3680 163 3754 ipse
174 3679 248 3731 docet
256 3678 284 3729 in
295 3678 382 3730 eadem
394 3679 495 3731 Praefat.
508 3699 532 3754 p.
545 3699 558 3747 7
569 3698 606 3748 sq.
617 3698 737 3751 spemque
748 3677 795 3731 sibi
809 3680 900 3731 laetam
912 3677 1037 3750 significat
1047 3718 1055 3743 ,
1066 3699 1125 3732 mox
1135 3696 1183 3731 ac-

110 3758 308 3831 cessurasietiam
321 3762 352 3812 V
348 3763 510 3813 utr'cunornm
522 3761 705 3812 nonnullorum
719 3780 746 3813 ac
756 3760 787 3811 F
784 3763 969 3812 tarentinorum
981 3762 1094 3813 codicum
1103 3759 1184 3812 colla-

110 3842 328 3912 tiones-Quodad
338 3845 487 3897 Lectionum
498 3845 642 3897 varietatem
654 3857 749 3913 spectat
758 3843 1045 3918 erArgentoretensibus
1056 3843 1183 3896 codicibus

107 3951 166 3983 cum
178 3929 296 3983 Fesslero
308 3931 521 3995 communicatas,
534 3930 642 3981 obscuro
657 3931 768 3997 quodam
785 3930 880 3983 indicio
896 3929 1039 4004 nuperrime
1054 3926 1184 3992 intellexi,

109 4017 185 4068 fuisse
200 4016 270 4068 illam
283 4015 314 4068 ab
332 4016 430 4068 erudito
448 4016 510 4068 olirn
526 4016 623 4087 collega
642 4035 699 4067 meo
714 4028 736 4067 et
749 4016 775 4067 in
796 4016 1009 4068 Bibliotltecarurn
1027 4016 1182 4090 publicarunt

106 4120 166 4152 rura
182 4118 329 4172 precessore
341 4099 464 4152 Oberlino
477 4114 644 4174 procuratam.

142 4187 198 4238 ¹ln
211 4184 402 4256 programmate
414 4197 653 4259 supramemorato,
666 4209 688 4260 p.
701 4188 724 4252 4.

206 4309 271 4375 Ill.
