2648 4792
442 408 740 479 PRAEFATIO.
1084 417 1125 482 35

91 554 193 635 Atque
205 552 254 614 bis
268 551 309 612 ita
324 551 509 634 praemissis,
525 551 600 613 nihil
609 551 711 614 babeo
726 570 788 632 quo
805 571 909 613 morer
927 551 1130 637 ampliuslae-

51 674 192 737 ctorem3
211 658 269 721 nisi
283 660 363 739 qood
377 659 415 719 de
429 660 647 740 orthographia,
663 678 754 739 marn
776 656 823 719 rel
838 658 956 720 codices
971 660 1065 720 nostri
1080 673 1132 723 te-

50 781 145 844 nent,
169 767 220 830 vel
244 786 335 847 quarn
348 784 404 827 uos
419 764 554 848 inhujus
582 764 720 826 editionis
739 764 880 848 exemplo
902 766 996 828 secmi
1010 786 1128 844 smnus,

50 872 193 936 nonuibil
206 871 304 934 adhuc
318 871 351 931 iu
360 871 534 933 universum
551 869 710 932 dicendum
731 869 807 932 mihi
819 869 997 955 intelligam.
1011 869 1133 936 Scilicet

56 980 217 1063 primurn,
230 978 262 1039 io
285 997 321 1041 ea
342 977 571 1040 scribendorum
590 977 754 1039 verborum
773 978 912 1055 ratione,
928 986 1123 1060 qua'utuntur

54 1085 176 1148 codices
195 1084 281 1145 uusti
303 1082 413 1165 quibus
426 1081 548 1148 Setteoe
571 1080 718 1167 Epistola
734 1083 924 1145 continentur
938 1085 1133 1164 (vetustiores
1179 1088 1182 1093 ’

56 1190 245 1274 praesertim,
270 1201 304 1254 ut
324 1188 394 1268 Arg.
411 1210 439 1248 o.
454 1202 483 1250 et
496 1190 523 1248 b.
536 1202 567 1251 et
580 1187 710 1251 Parisini
730 1209 807 1270 quos
825 1186 1017 1253 Emmericus
1029 1203 1134 1251 noster

56 1295 208 1370 excussit,
230 1307 282 1355 aut
304 1313 380 1374 quos
402 1291 577 1377 Opsopoeus
598 1296 817 1371 tractaverat),
840 1294 936 1356 multa
959 1308 1044 1372 sunt,
1069 1316 1133 1377 quoe

56 1401 174 1484 pariter
184 1400 308 1481 quidem
327 1412 359 1462 et
374 1398 406 1460 in
429 1398 560 1461 aliorum
576 1398 740 1463 Auctoruro
756 1399 863 1483 priscis
876 1400 1042 1477 codicibus,
1060 1403 1134 1463 etin

57 1503 304 1590 inscriptionibus
326 1523 445 1585 quoque
472 1504 594 1567 vetustis
617 1505 730 1588 passim
752 1518 933 1580 occurrunt,
951 1506 1134 1588 omninoque

58 1614 162 1676 multis
173 1612 266 1676 etiim
277 1611 372 1675 doctis
385 1611 458 1674 viris
472 1610 547 1675 olim
561 1610 681 1673 fuerant
695 1611 726 1672 iu
749 1624 819 1672 usu¹
831 1634 839 1670 z
852 1632 918 1692 quse
935 1624 1036 1674 tamen
1050 1615 1136 1694 equi-

59 1725 145 1798 dem,
161 1719 307 1802 quouiam
322 1739 377 1802 pro
393 1717 552 1800 antiquatis
566 1718 657 1780 bodie
675 1717 740 1780 t'ere
753 1718 794 1780 ab
808 1718 947 1781 omnibus
963 1718 1133 1797 habentur,

61 1839 89 1888 et
101 1826 212 1888 abusu
224 1844 303 1887 nunc
315 1823 427 1904 ubique
441 1836 565 1905 recepto
576 1824 666 1886 nimis
679 1823 846 1888 abhorrere
858 1825 934 1886 mihi
944 1809 1134 1897 ridebantur.

61 1953 120 1993 non
137 1930 298 2015 adoptavi;
313 1943 469 1994 contentus
483 1950 520 1993 ee
534 1931 694 2015 scriptura,
711 1952 803 2013 mam
815 1933 846 1993 iu
862 1933 1013 2016 plerisque
1026 1935 1136 1997 editio·

63 2038 150 2100 uibus
162 2037 233 2100 iuda
247 2058 266 2099 a
282 2034 389 2121 Lipsio
407 2036 548 2120 vulgatis,
567 2057 602 2101 ac
618 2038 784 2120 pracsertim
797 2039 831 2099 in
845 2041 1021 2123 nuperrima
1036 2038 1138 2101 Fran-

64 2144 238 2211 coturdensi
251 2143 381 2207 editione
393 2145 496 2226 (cujus
507 2143 699 2228 exemplum,
720 2146 764 2206 eis
774 2145 807 2205 iu
820 2144 895 2208 loeis
906 2145 959 2206 ubi
969 2166 1045 2228 opus
1054 2146 1140 2208 vide-

64 2250 181 2314 batura
203 2249 293 2312 uobis
315 2264 505 2327 correctum,
521 2249 601 2333 typis
624 2249 852 2313 exscribendum
866 2250 952 2332 dedi)
966 2265 1140 2335 usurpatam

64 2377 252 2443 repereram.
264 2353 334 2420 Huc
343 2357 474 2439 pertinet
486 2379 515 2418 r.
528 2378 572 2439 gr.
585 2358 665 2437 quod
678 2357 708 2417 in
720 2356 920 2419 vetustissimo
932 2371 1034 2420 nostro
1044 2381 1099 2421 ms.
1110 2384 1140 2421 u.

65 2477 238 2529 constanter
256 2465 378 2545 epistula
395 2476 425 2525 et
437 2465 601 2529 odrducem
622 2463 778 2539 scribitur,
805 2484 861 2546 per
875 2486 893 2524 u
908 2465 1060 2543 litteram,
1082 2488 1140 2551 pro

65 2573 184 2654 epr‘rtota
199 2583 230 2632 ct
245 2570 408 2631 adolescens
416 2580 438 2631 ³.
450 2567 549 2632 Porro
569 2571 669 2632 cotidie
684 2568 732 2632 vel
744 2569 874 2646 cottidie,
893 2584 924 2633 ct
939 2592 1037 2652 cocus,
1055 2587 1084 2636 et
1097 2575 1141 2636 si·

66 2678 150 2740 milia
161 2689 336 2742 constanter
347 2675 411 2739 iere
427 2676 559 2741 scribunt
569 2677 687 2739 codices
700 2676 810 2750 nostri,
826 2678 1005 2741 vetustiores
1017 2701 1143 2764 praeser-

65 2785 140 2858 tim
156 2802 216 2846 uos
227 2795 331 2845 tamen
344 2783 465 2866 quotidie
479 2795 509 2845 et
526 2805 627 2866 coquus
638 2780 798 2845 tenuimus.
811 2781 863 2847 Sic
877 2796 987 2846 secutrrs
1000 2786 1142 2868 praeferre

66 2893 161 2954 codex
174 2912 204 2951 a·
217 2910 287 2952 cum
301 2887 369 2950 aliis
383 2886 475 2959 solet;
493 2908 549 2949 uos
567 2898 696 2970 seqmtm
718 2889 907 2972 scripsimus,
922 2894 1004 2972 quod
1017 2891 1142 2955 subinde

66 2999 160 3062 etiam
173 2999 207 3059 iu
222 2998 284 3059 cori.
296 2997 324 3056 b.
334 2995 515 3079 reperimus.
528 2994 681 3059 Voculam
691 3019 770 3074 cnm,
783 2998 845 3059 sire
856 2998 1027 3082 praepositio
1039 2999 1140 3073 suerit,

66 3106 131 3168 sire
145 3103 293 3187 temporis
309 3102 506 3179 adverbium,
530 3102 593 3165 sive
613 3103 741 3165 causalis
758 3104 928 3185 conjunctio
946 3149 955 3181 ,
973 3118 1145 3167 constanter

67 3232 125 3295 per
138 3232 155 3270 c
168 3209 303 3271 litteram
319 3207 447 3269 efferunt
461 3207 579 3269 codices
593 3208 689 3270 nostri
704 3205 835 3293 omnes{
843 3232 850 3268 ι
866 3223 898 3271 at
919 3210 1048 3293 probavi
1062 3210 1144 3291 etpri-

67 3319 140 3381 dem
158 3315 322 3379 discrima
336 3315 414 3378 inter
435 3337 498 3376 cum
524 3315 768 3400 praepositionem
786 3329 816 3378 et
836 3337 920 3399 quum
936 3328 1070 3398 tempus,
1093 3331 1144 3389 aut

101 3503 110 3532 ¹
121 3498 208 3570 Hujm
222 3497 322 3571 generis
332 3495 457 3550 nonnulla
470 3497 652 3567 Quintilianus
662 3496 755 3570 attigit,
767 3497 845 3549 instit
855 3495 902 3547 lib.
912 3497 934 3557 l,
943 3513 996 3569 cap.
1004 3515 1027 3565 7.
1040 3497 1080 3550 De
1090 3499 1144 3551 sin·

69 3585 138 3660 gulis
150 3596 234 3637 autem
247 3581 344 3635 consuli
355 3595 434 3654 potest
445 3583 585 3652 Dousquii
597 3580 788 3653 Ortbograpltiu
797 3581 891 3648 Latini
898 3585 1024 3636 semeonis
1034 3594 1108 3642 vetus
1119 3598 1145 3640 et

69 3692 153 3733 moa,
169 3671 227 3727 Par.
242 3667 424 3738 1577,in-iol.

103 3760 115 3790 ²
127 3756 167 3810 Ex
182 3754 274 3808 eodem
293 3773 364 3808 more
372 3774 389 3807 u
400 3773 445 3826 pso
456 3773 472 3806 o
481 3753 593 3825 ponendi
602 3765 661 3806 nats
672 3751 753 3805 videri
763 3763 860 3825 poterat
869 3751 989 3824 scriptura
999 3758 1143 3822 tuendus,

71 3861 150 3914 quam
157 3840 240 3895 uouit
249 3840 317 3894 idem
329 3839 385 3892 cod.
397 3861 424 3892 a.
435 3850 460 3892 et
470 3857 517 3890 uos
529 3859 588 3892 eum
599 3838 645 3890 illo
655 3858 662 3903 ς
674 3857 719 3912 pro
732 3857 781 3909 qua
793 3838 920 3909 sequiores
930 3840 1000 3891 mssti
1013 3842 1112 3907 (nostri
1120 3843 1144 3898 b.

72 3939 126 3982 etc.
135 3944 194 3980 mm
206 3923 277 3990 aliis)
286 3927 414 3991 jocundos
425 3935 539 3998 mount,
556 3922 629 3995 quasi
640 3942 655 3976 a
661 3925 772 3988 iocando
785 3923 898 3979 derivate
911 3944 961 3978 vox
973 3935 1053 3991 estet,
1068 3946 1144 3998 quam

73 4013 214 4080 apscondo
227 4010 352 4062 deducere
365 4008 455 4062 Cicero
465 4009 595 4062 maluerat.
857 4019 863 4028 ’

106 4094 118 4128 ³
131 4091 277 4146 Obtinuisse
284 4104 369 4144 umen
378 4090 441 4144 olim
450 4091 526 4144 etiam
534 4090 680 4164 scripturam
691 4110 771 4161 quum
779 4092 806 4146 iu
814 4094 985 4150 vetustissimis
996 4092 1099 4148 Seneca
1107 4114 1146 4145 eo-

76 4180 188 4248 rsum,
201 4179 229 4232 u
238 4178 312 4233 noa
321 4178 355 4232 aa
365 4178 443 4247 spat.
455 4194 481 4244 1,
496 4177 578 4230 neu.
