2648 4792
457 378 756 450 usurario.
894 384 896 387 ·
1122 406 1167 477 29

93 519 235 603 rejectae¹.
244 516 288 581 Et
293 518 523 602 praeclarissime
535 521 677 598 omnino,
690 522 721 582 in
732 521 829 584 altera
840 523 1006 605 praesertim
1016 522 1166 607 editione„

92 648 161 689 cum
176 628 214 688 de
228 625 471 692 oeterisSenecae
479 630 615 713 scriptis,
625 643 690 693 tum
697 633 735 693 de
743 629 985 715 Epistolislrujus
991 629 1170 716 Philosophi

92 731 205 793 meruit
226 733 387 804 Erasmus5
401 733 612 798 incredibilem
634 755 795 798 numerum
811 757 971 814 errorum,
989 735 1097 818 quibus
1111 736 1171 798 loe-

92 840 168 900 datae
182 851 269 900 erant
279 839 452 922 superiores
462 840 627 916 editiones,
639 844 886 927 prodigiosaaque
900 843 1098 906 librariorum
1106 842 1173 905 laal-

92 942 306 1022 luciuationes,
324 967 394 1008 cum
410 965 447 1009 ea
460 945 671 1028 probatiorum
686 949 823 1012 codicum
840 949 1036 1026 auctoritate,
1056 961 1121 1010 tum
1135 969 1172 1010 ex

93 1070 149 1112 suo
156 1063 210 1112 ant
220 1050 351 1112 aliorum
360 1039 518 1115 doctorum
527 1053 665 1117 virorum
674 1056 813 1139 ingenio,
824 1055 996 1121 felicissime
1008 1055 1172 1138 corrigens.

94 1154 156 1218 Sed
166 1157 250 1219 idern
262 1157 395 1241 plurima
410 1160 502 1221 etiarn
514 1158 636 1240 ulcera,
655 1161 764 1245 quibus
779 1166 893 1227 eadem
907 1161 1088 1225 laborabant
1103 1161 1173 1225 edi·

92 1263 209 1342 tiones,
223 1264 334 1329 intacta
344 1265 481 1348 reliquit3
493 1267 553 1330 alia
566 1290 655 1347 vero,
668 1291 761 1351 quum
776 1290 883 1333 sanare
897 1282 1070 1347 conaretur,
1081 1270 1172 1332 tacite

94 1370 265 1435 inuustaus
277 1412 293 1444 ,>
304 1371 364 1434 boc
384 1372 468 1456 ipso,
483 1376 627 1456 quodvis
642 1376 772 1461 amplius
792 1379 990 1461 adparerent,
1005 1396 1172 1459 propemo-

93 1478 169 1538 dum
181 1476 363 1539 insanabilia
374 1479 520 1552 reddidit;
537 1482 666 1563 denique
687 1480 762 1546 locis
777 1484 868 1545 etiam
882 1483 960 1545 bene
973 1483 1091 1560 multis,
1107 1505 1174 1565 qtae

93 1582 142 1644 rel
166 1582 251 1644 nulla
271 1583 445 1666 indigebant
467 1587 636 1665 medicina,
660 1588 708 1649 vel
734 1610 798 1670 qme
821 1588 881 1651 alia
903 1590 1020 1653 ratione
1040 1592 1172 1653 curanda

93 1703 199 1768 erant,
211 1690 354 1753 vitiosam
369 1691 550 1769 lectionem,
567 1706 619 1755 aut
633 1707 714 1757 certe
733 1696 832 1757 minus
845 1695 1038 1780 probabilem
1060 1697 1172 1777 (quam

95 1793 248 1857 offerebat
266 1794 388 1877 quidem
412 1810 497 1859 vetus
518 1797 626 1879 aliquis
648 1800 759 1877 codex,
777 1803 830 1863 sed
844 1801 870 1863 is
885 1823 994 1884 parum
1014 1804 1173 1864 emendate
1212 1804 1214 1810 ’

93 1902 243 1984 scripura,
254 1913 285 1962 et
296 1913 400 1963 nostro
411 1902 574 1984 persimilis
581 1906 787 1969 recentissimo
797 1906 1084 1992 Argentoratensi),
1096 1929 1174 1993 pro-

94 2007 179 2069 batae
186 2006 319 2090 praetulit
327 2006 497 2092 scripturae,
509 2029 575 2088 quae
585 2010 634 2073 vel
645 2011 724 2075 edita
735 2026 804 2077 ante
818 2014 918 2097 ipsum
928 2026 1010 2090 erat,
1022 2015 1072 2077 vel
1082 2035 1173 2095 quam

96 2113 151 2176 alii
165 2112 286 2175 codices
301 2127 386 2176 erant
398 2112 558 2177 oblaturi².

137 2217 216 2280 Jarn
238 2240 331 2300 quum
346 2218 387 2280 ab
406 2219 476 2281 Ant.
491 2220 620 2295 Murato,
633 2219 779 2303 elegantis
799 2221 936 2302 acrisque
962 2221 1073 2304 ingenii
1089 2222 1173 2296 viro,

96 2326 195 2387 multa
201 2325 324 2406 quidem
336 2346 353 2386 e
363 2325 575 2410 manuscriptis
586 2325 754 2403 codicibus,
768 2348 862 2408 quum
874 2327 941 2389 aliis
950 2373 959 2406 ‚
967 2341 1032 2389 tum
1039 2327 1086 2390 his
1099 2350 1175 2413 prae·

100 2433 207 2495 sertim
220 2451 350 2513 quorum
363 2431 508 2496 lectiones
518 2429 678 2495 Pincianus
691 2432 721 2493 in
736 2432 890 2516 publicum
902 2433 1058 2510 emiserat,
1075 2434 1107 2494 io
1120 2431 1175 2497 Se·

100 2560 184 2603 neore
205 2536 354 2623 Epistolis
377 2542 536 2602 emendata
556 2560 639 2617 esse,
660 2539 793 2622 plurima
816 2559 891 2601 vero
913 2539 1005 2601 etiam
1024 2561 1059 2601 er
1081 2541 1175 2624 ipsius

100 2646 241 2730 ingenio,
256 2659 309 2707 aut
323 2666 359 2708 ex
375 2642 498 2708 Erasmi
513 2645 561 2708 vel
575 2642 711 2708 Pinciani
725 2645 925 2727 conjecturis,
949 2646 1038 2709 tacite
1060 2660 1174 2709 mutata

100 2766 131 2815 et
147 2754 179 2814 in
193 2765 366 2816 contextum
379 2747 500 2836 recepta
516 2751 729 2815 intellexissem
736 2749 758 2830 ³,
774 2771 904 2837 quorum
918 2750 1026 2813 deinde
1036 2752 1096 2813 alia
1106 2751 1176 2832 qui-

138 2964 148 2993 ¹
159 2959 267 3030 Quoties
277 2961 304 3012 iu
313 2959 381 3013 notis
390 2958 480 3013 criticis
493 2959 561 3012 uude
570 2962 609 3013 ed.
621 2959 731 3012 Erasm.
743 2956 890 3011 nominator
900 2995 907 3023 ,
919 2956 992 3010 toties
1000 2956 1176 3028 alterapotis-

103 3046 199 3099 simum
208 3046 319 3100 stasmi
325 3047 405 3098 editio
415 3043 488 3099 luerit
497 3043 669 3115 intelligenda.
679 3041 766 3096 Sicubi
778 3061 838 3094 vero
850 3041 1012 3095 commodum
1022 3040 1096 3093 uobis
1107 3039 1177 3092 vide·

107 3130 179 3182 bitur
186 3127 219 3181 de
230 3129 345 3183 dissensu
356 3128 486 3200 utriusque
499 3127 618 3182 editionis
629 3146 732 3181 monere
743 3128 860 3180 lectorem
869 3165 877 3194 ,
885 3125 920 3178 ibi
929 3146 969 3178 eas
979 3125 1048 3178 hisee
1057 3122 1176 3177 indiculis

106 3212 307 3286 distinguemus,
320 3210 428 3265 Emsm.
440 3214 480 3264 ed.
494 3230 518 3274 s,
534 3223 559 3263 et
569 3210 678 3263 Erasm.
688 3213 728 3264 ed·
743 3227 767 3263 a.

142 3299 157 3330 ²
166 3289 282 3350 Fortasse
294 3315 323 3346 er
335 3307 418 3348 vetere
427 3294 539 3346 editions
548 3295 584 3346 A.
596 3295 605 3358 (
615 3312 672 3363 quse
682 3307 708 3346 et
718 3294 770 3368 ipsa
781 3306 895 3346 nostrum
908 3305 1000 3345 matum
1009 3310 1030 3344 c.
1039 3291 1178 3362 propinqua

109 3379 265 3455 cognatione
280 3379 394 3452 attingit)
413 3378 533 3432 lectiones
551 3378 604 3450 ejus
621 3378 736 3451 generis,
754 3396 815 3451 quas
829 3378 902 3442 dico,
923 3378 1038 3429 hauserat
1050 3376 1179 3438 Erasmus,

112 3468 179 3521 Silet
189 3479 274 3520 tamen
286 3464 316 3518 de
329 3484 357 3517 ea
369 3462 481 3516 editione
492 3463 520 3515 in
530 3462 695 3528 Praelatiunc,
709 3482 787 3534 quum
796 3460 897 3516 interim
907 3460 1040 3533 praedicare
1052 3481 1104 3512 nou
1115 3481 1180 3533 prte-

111 3546 261 3610 terrniserit,
271 3545 411 3599 Tarvisium
424 3544 542 3599 editionis
552 3564 626 3597 usum
635 3543 685 3598 sibi
698 3544 774 3600 fuisse
785 3563 938 3598 concessum.
953 3541 1090 3608 Caeterum,
1102 3563 1181 3614 quau·

112 3652 192 3704 quam
207 3630 412 3684 emendationum
431 3630 611 3683 nonnullarum
628 3629 753 3682 contextui
765 3650 780 3681 a
793 3648 845 3681 sese
857 3628 998 3680 adlatarum
1016 3628 1139 3680 rationem
1153 3627 1181 3678 in

113 3715 232 3788 subjectis
243 3714 317 3766 Notis
329 3711 482 3777 reddiderit,
494 3712 572 3785 louge
584 3713 717 3785 plurimam
730 3726 814 3764 umen
830 3710 930 3764 illarum
943 3723 1037 3783 partem
1047 3709 1074 3761 in
1087 3708 1181 3761 eisdem

114 3799 190 3854 Notis
206 3797 306 3852 silentio
322 3797 456 3873 praeteriit,
472 3818 524 3868 quo
536 3795 581 3863 fit,
595 3809 623 3849 nt
639 3796 699 3867 quid
714 3816 743 3848 er
754 3809 865 3849 ueterum
881 3795 1005 3848 librorum
1021 3795 1181 3861 auctoritate,

114 3883 177 3957 quid
191 3904 220 3936 es
230 3881 337 3955 ingenio
348 3895 372 3934 et
382 3882 525 3953 conjectura
535 3881 566 3934 ab
577 3901 608 3934 eo
620 3895 760 3934 correctum
772 3881 817 3946 sit,
830 3901 883 3932 uon
896 3880 946 3933 nisi
957 3900 1023 3952 tegre
1034 3880 1166 3932 discernas.

147 3971 285 4024 ³Gravem
298 3990 428 4024 censuram
441 3990 472 4022 eo
486 3968 625 4022 nominoio
638 3969 774 4022 Murelum
785 3981 909 4041 peractam
925 3967 1010 4021 videas
1021 3987 1035 4018 a
1049 3965 1141 4034 Lipsio
1155 3965 1182 4017 io

114 4055 216 4110 Pastas.
227 4054 341 4109 adanam
352 4055 456 4109 Seuere
469 4053 620 4119 editionem
633 4044 677 4104 sed
689 4051 830 4126 graviorem
845 4050 935 4114 etiam,
952 4063 1009 4103 aute
1027 4049 1137 4118 Lipsiuro
1148 4069 1182 4112 ,a

117 4142 230 4195 Gnalero
241 4141 268 4193 in
277 4139 556 4194 Animadversiom‘bus
567 4143 595 4192 irs
604 4138 702 4192 Seneca
714 4157 807 4207 opero,
819 4159 876 4190 curn
886 4137 971 4190 multis
979 4135 1034 4186 aliia
1044 4133 1119 4198 locis,
1129 4145 1182 4184 turn

115 4246 139 4298 p.
153 4223 219 4299 694,
238 4223 299 4292 ubi,
318 4223 423 4293 Nuper,
441 4222 524 4294 inquit
532 4261 540 4288 ,
550 4224 649 4295 *extitit
663 4221 784 4276 Muretus
795 4259 803 4289 ,
814 4223 862 4291 qui
874 4222 949 4273 nulla
950 4219 1011 4290 sere
1021 4219 1130 4283 amotus
1139 4233 1184 4266 co·
