2648 4792
256 739 313 841 L.
354 736 608 842 ANNAEI
644 735 952 882 SENECAE

447 1082 514 1155 AD
540 1081 769 1156 LUClLlUM

74 1414 581 1562 EPISTOLAE
653 1418 1139 1571 MORALES.

471 1839 757 1871 -ψ-

416 2208 730 2295 EPISTOLA
762 2213 797 2294 l.
881 2302 883 2307 ,

543 2469 675 2490 u*—

448 2749 678 2788 aerumnosus
696 2736 765 2790 usu'.

102 2903 233 2955 Admonet
244 2899 370 2953 Lucilium
378 2898 483 2965 Noster,
492 2912 520 2952 ut
529 2912 615 2973 pergat
625 2901 652 2951 in
661 2900 730 2952 bono
743 2899 864 2973 temporis
874 2920 921 2953 usu
936 2901 1152 2970 quemadmodum

72 2984 92 3036 is
111 2982 289 3056 perscripserat
305 2981 422 3043 Seneca,
440 3000 466 3033 se
482 3001 552 3034 nune
568 2982 673 3052 quidem
690 2984 788 3045 faeere,
806 2982 948 3054 laudatque
967 2983 1029 3036 Esse
1049 2997 1152 3046 autem,

72 3067 177 3137 adjicit,
190 3085 246 3117 rem
257 3065 327 3117 haud
338 3064 410 3134 parvi
425 3065 549 3118 momenti
562 3066 592 3118 ad
613 3066 690 3118 vitam
708 3066 773 3118 hene
786 3061 907 3135 beateque
926 3069 1066 3138 agendam,
1081 3079 1152 3118 tem-

72 3172 132 3225 pore
141 3172 191 3205 suo
200 3150 265 3203 bene
278 3148 316 3202 uti
327 3169 334 3203 :
345 3150 432 3203 multis
445 3149 511 3202 elabi
523 3163 621 3222 tempus
632 3151 696 3203 male
709 3151 879 3217 collocatum,
894 3172 942 3203 usu
956 3152 1048 3224 quippe
1061 3151 1115 3220 eius
1125 3151 1153 3202 in

72 3237 143 3290 aliud
155 3250 254 3309 tempus
267 3236 367 3308 reiecto.
381 3235 439 3303 Qua
453 3224 575 3286 dilatione
587 3235 652 3287 nihil
665 3255 716 3288 esse
726 3235 811 3309 pejus,
826 3256 906 3307 quum
920 3249 1003 3287 tamen
1017 3232 1082 3285 nibil
1098 3252 1152 3285 ma·

73 3321 110 3392 gis
123 3322 150 3374 in
163 3333 250 3395 nostra
263 3332 382 3392 potestate
395 3319 504 3393 positum
515 3319 562 3382 sit,
577 3339 652 3389 quam
665 3332 777 3393 tempus,
789 3341 802 3372 a
815 3321 885 3390 eujus
897 3333 965 3371 recto
977 3339 1023 3370 usu
1035 3318 1152 3386 quemvis

73 3416 167 3457 temera
180 3425 206 3458 se
217 3402 327 3457 abstrahi
341 3403 391 3474 pati
402 3403 523 3472 queritur.
536 3403 592 3455 lloc
605 3416 671 3455 certe
683 3403 837 3468 ridendum,
850 3424 883 3455 ne
897 3402 984 3454 omnia
994 3416 1105 3474 pereant.
1116 3428 1151 3442 -

73 3484 147 3536 Hand
161 3484 289 3536 immerito
303 3483 356 3535 haec
368 3482 470 3556 epistola
486 3503 579 3556 agmen
593 3484 782 3555 insequentium
794 3484 880 3549 ducit,
893 3482 1102 3553 quandoquidem
1117 3483 1150 3534 de

75 3567 230 3636 gravissimae
243 3567 277 3619 rei
291 3586 338 3618 usu
351 3586 404 3617 non
415 3565 540 3618 subtiliter
552 3569 667 3640 exponit,
679 3569 722 3621 sed
736 3568 806 3637 quasi
819 3566 949 3640 praeludit,
964 3566 1029 3617 utin
1041 3567 1153 3639 epistolis

76 3648 129 3702 lieri
140 3651 212 3703 solet.
223 3651 429 3723 Tempus·autem
440 3649 552 3702 inbonis
563 3671 577 3702 a
591 3666 679 3703 natura
691 3651 784 3704 rationi
795 3651 914 3704 humanae
922 3650 1045 3702 concessis
1054 3652 1153 3720 prima-

76 3735 139 3788 rium
152 3738 231 3788 ferme
245 3735 329 3788 locum
343 3735 457 3788 obtinere
474 3734 555 3787 videri
570 3747 664 3807 potest,
679 3748 707 3787 ut
719 3734 786 3804 quod
800 3736 979 3808 amplissimam
992 3736 1151 3789 facultatibus

79 3817 166 3869 ruentis
177 3816 279 3890 copiam
297 3836 435 3888 ausamque
450 3816 544 3889 praebet
556 3837 582 3868 se
597 3818 736 3889 explicandi
751 3831 823 3889 atque
838 3819 978 3872 erudiendi.
995 3819 1154 3892 Quapropter

80 3911 102 3951 et
116 3898 166 3952 boe
182 3901 288 3952 nomine
304 3918 427 3969 sensuque
442 3899 508 3952 inter
523 3899 604 3972 prima
619 3913 714 3952 naturae
735 3920 749 3952 a
766 3900 858 3953 Stoicis
870 3915 935 3954 reete
954 3903 1042 3955 referri
1057 3912 1155 3975 tempus

81 3995 178 4053 peterat.
196 3983 321 4035 Caeterum
335 3983 470 4035 discrimen
489 3983 521 4035 ab
533 3982 564 4034 iis
576 3984 669 4035 laetum
681 3982 747 4034 inter
756 3985 785 4036 τὰ
799 3987 839 4052 pls
852 3985 888 4054 ἔφ’
902 3988 972 4054 ἡμῖν,
986 3989 1014 4041 τὰ
1026 3986 1050 4038 dl
1063 3986 1104 4036 οὒκ
1114 3985 1152 4050 ἔφ’

79 4067 127 4131 ἡμῖν
136 4067 222 4138 quivis
231 4066 271 4119 rel
284 4087 312 4118 es
324 4066 430 4141 Epicteti
441 4065 593 4118 Encbiridio
608 4066 762 4119 recordetur.
774 4067 806 4120 Et
819 4069 940 4122 lloratius
951 4071 990 4123 lll
1004 4068 1088 4122 Cam.
1101 4090 1132 4139 aq
1145 4108 1152 4133 ,

81 4153 176 4226 egregie
187 4149 359 4204 uenustus.
373 4151 476 4203 Consul.
489 4148 521 4201 ad
535 4151 612 4202 Mart.
628 4149 665 4214 Χ,
680 4148 695 4198 3
709 4163 761 4202 not.
791 4209 796 4223 1
