2648 4792
157 374 223 463 to
478 381 518 448 L.
544 379 721 449 snum
745 381 958 456 sonuum

177 534 262 604 ergo
279 511 357 579 esti
373 512 450 578 Non
467 527 551 604 puto
567 532 775 603 pauperem,
803 515 882 596 coi,
906 518 1254 619 quantulumcumque

176 644 350 722 superest,
377 644 428 695 sut
451 644 513 696 est.
543 627 600 696 Tu
629 642 740 696 tamen
768 629 856 698 malo
874 655 986 702 serves
1006 652 1062 706 tuo
1083 665 1090 704 :
1110 656 1146 708 et
1162 641 1253 712 bono

175 761 328 838 tompore
342 744 519 838 incipies¹.
533 745 639 825 Nam,
656 759 695 812 ut
706 745 816 815 visum
828 763 880 815 est
890 750 1075 842 majoribus
1088 758 1249 841 ²uostris,

175 891 252 935 sem
270 867 476 960 parsimonia
493 867 529 932 iu
548 864 654 933 fundo
668 861 752 934 θεῖ’.
774 871 850 937 Non
864 867 981 940 enim⁴
999 889 1128 946 tontum
1146 882 1253 949 mini-

176 1008 269 1055 mum
289 985 325 1053 in
347 985 436 1066 imo,
459 983 518 1051 sed
537 984 723 1077 pessimum
743 1003 909 1058 remanet.
926 985 1037 1060 Vole⁵.

175 1218 221 1254 suu
233 1196 294 1251 vitio
306 1195 428 1248 laborant.
439 1194 536 1247 Eorum
547 1205 631 1245 sutem
642 1192 686 1262 qui
736 1208 854 1263 tentate,
864 1219 933 1253 nunc
945 1201 1027 1277 incipe
1039 1223 1138 1260 servare
1151 1219 1251 1283 tempus

176 1297 229 1330 uon
242 1295 287 1329 suo
306 1275 369 1328 vitio
386 1285 445 1327 sunt
461 1273 563 1339 miseri,
583 1271 685 1324 misere·
737 1285 761 1324 ct
772 1272 876 1348 incipies
886 1293 1032 1352 opportune.
1043 1283 1111 1335 Nem
1123 1284 1251 1359 inoppor-

175 1356 284 1421 scimur,
296 1374 349 1406 uon
362 1371 397 1407 ets
411 1355 576 1425 ignoscimus.
736 1361 796 1405 tuoe
812 1375 898 1429 parcus
917 1371 967 1421 est,
988 1362 1034 1431 qui
1053 1384 1152 1434 psrceee
1172 1367 1249 1432 vult,

213 1455 233 1488 ι.
249 1433 287 1486 Et
305 1435 371 1487 bono
387 1442 499 1500 tempore
511 1432 624 1500 incipies.
641 1426 686 1480 Sic
736 1452 814 1503 quum
833 1435 885 1505 jam
901 1437 968 1489 nihil
981 1459 1058 1514 prope
1080 1457 1193 1519 superest
1206 1447 1250 1499 cui

175 1513 352 1589 percommode
363 1509 433 1563 mssti
439 1508 518 1563 nostri
527 1528 553 1559 a.
562 1520 586 1559 et
596 1507 621 1558 b.
628 1526 687 1559 curn
736 1525 858 1582 parcetur.

175 1606 283 1664 quatuor
292 1591 420 1645 codicibus
431 1587 565 1662 Opsopoei,
577 1604 687 1656 quorum
770 1611 791 1641 2.
803 1593 951 1659 Mojnribus
968 1600 1063 1649 nostris
1079 1597 1097 1650 i.
1115 1601 1229 1653 romsuis
1245 1624 1253 1658 :

175 1672 204 1725 in
215 1690 322 1724 numero
334 1683 370 1723 est
380 1667 490 1741 optimus
497 1666 540 1718 illc
548 1665 686 1729 Puteanus,
736 1681 801 1723 recte
820 1670 937 1725 Bentleio
948 1687 1052 1727 notente
1062 1677 1095 1729 sd
1108 1676 1198 1734 Itone
1217 1681 1249 1733 A.

139 1752 153 1775 ⁸
174 1749 207 1804 sb
216 1748 360 1802 Esnmerico
371 1759 456 1800 nostro
467 1744 552 1797 denuo
563 1761 685 1809 excussus,
735 1745 765 1800 P.
781 1768 835 1812 ²70·
852 1750 942 1803 Ruirin

172 1848 251 1899 quem
263 1841 321 1882 note
332 1826 397 1879 Por·
406 1827 431 1878 b.
444 1823 614 1896 insignimus,
627 1821 685 1893 qui·
768 1826 791 1877 3.
805 1827 895 1883 Sera...
903 1842 949 1883 est.
960 1833 1018 1884 Jarn
1026 1833 1145 1887 Erssmus
1154 1835 1249 1890 lsuds-

174 1906 221 1960 bos
229 1909 291 1959 item
300 1905 366 1958 Par.
377 1905 404 1957 d.
415 1901 520 1956 secedit.
533 1901 574 1968 (ln
584 1901 650 1954 Por.
658 1920 685 1951 u·
734 1904 771 1957 rit
784 1907 940 1961 Hesiodeom
952 1908 1015 1962 illud
1033 1931 1061 1964 cx
1074 1903 1128 1982 dp.
1145 1917 1184 1967 sol
1200 1906 1247 1984 dp.

171 1985 279 2059 quidem
296 1981 405 2039 evsnids
425 1980 474 2033 boc
491 1979 548 2033 loco
563 1990 600 2031 est
622 1978 685 2032 scri-
734 1983 1247 2066 33p(Bruub.Gnom.Poet.Gr.p.162.)

172 2075 264 2138 ptores
277 2062 305 2116 in
322 2061 501 2131 Amploniono
517 2076 578 2111 vcro
592 2055 684 2108 omissa
733 2061 799 2118 ioli
811 2062 833 2114 δ’
844 2064 876 2115 isi
888 2068 984 2133 sulpio
997 2069 1076 2134 perid.
1091 2070 1179 2125 notk.

172 2157 211 2198 cst
218 2155 270 2198 tots
278 2161 334 2216 pers
344 2151 468 2216 postrenus
477 2137 551 2208 buius
563 2136 682 2210 epistole,
767 2145 790 2209 4.
799 2143 861 2194 Non
872 2147 1136 2201 enim.....mim'mum.
1147 2150 1248 2206 Lsudst

173 2222 356 2278 indcsvcrbis
371 2221 412 2273 Tu
427 2219 542 2284 tomen.)
556 2216 686 2270 Sententia
735 2234 790 2292 post
809 2221 871 2274 slios
889 2223 1002 2274 Muretus
1024 2226 1177 2298 Antipbsnis
1195 2231 1247 2284 Co·

174 2313 255 2356 ests«
268 2313 307 2366 et,
320 2299 342 2353 si
351 2300 401 2371 jem
414 2294 687 2350 nunchocsscereiu-
735 2300 796 2353 mici
816 2319 917 2363 versus,
938 2300 1072 2371 inquibus
1089 2305 1139 2357 vits
1161 2322 1246 2367 nostes

173 2399 189 2431 s
203 2379 288 2453 clpies,
299 2379 321 2431 si
332 2378 380 2450 jem
393 2395 462 2428 nunc
475 2372 577 2445 incipies
586 2385 687 2426 tusses·
734 2378 797 2430 vino
808 2377 964 2431 adsimilatus
979 2397 986 2432 t
1003 2381 1072 2449 quod
1084 2381 1127 2433 ubi
1140 2385 1244 2452 paulum

172 2481 189 2512 ss
201 2480 269 2526 vste,
277 2461 346 2514 bono
354 2458 555 2527 sdbuctempore
564 2452 682 2524 iucipics3
734 2455 848 2528 supersit,
860 2469 963 2518 scestst,
972 2458 1140 2527 spndBrunb.
1148 2461 1243 2515 Gnom.

175 2561 189 2589 s
201 2559 255 2594 non
265 2538 299 2593 its
307 2557 362 2593 soro
370 2550 396 2590 ut
404 2555 462 2609 ego,
471 2534 515 2606 qui
526 2545 595 2587 cetste
603 2530 683 2584 multo
734 2533 807 2587 Poet.
820 2533 865 2586 Gr.
876 2557 899 2606 p.
912 2535 959 2588 185
967 2575 974 2600 ,
983 2555 1009 2586 n.
1020 2536 1091 2588 vltl.
1105 2535 1145 2588 Ci.
1155 2539 1244 2593 sonet.

172 2640 189 2671 s
198 2630 225 2675 tc
236 2620 317 2693 sunjos
328 2656 334 2684 ,
346 2616 397 2689 jem
413 2613 489 2666 nimis
505 2610 613 2664 multum
626 2630 683 2682 per·
732 2611 811 2685 Epist.
826 2627 909 2678 cvtrr,
923 2613 963 2666 sb.
980 2612 1071 2665 Ruti.

174 2696 265 2753 edidi.
276 2718 290 2746 s
304 2697 341 2751 Ee
353 2694 494 2769 junioribus
505 2693 590 2758 libris,
601 2693 683 2764 qualis
765 2696 789 2746 5.
816 2691 891 2746 Vate.
910 2692 1023 2746 Verbum
1042 2693 1107 2760 hoe,
1128 2694 1198 2766 quod
1216 2697 1242 2749 in

172 2790 209 2835 sst
221 2789 333 2831 nostsrc.
344 2787 367 2830 st
377 2775 489 2849 quinque
500 2771 597 2826 codices
609 2771 682 2826 Gro-
731 2770 827 2823 nullius
849 2770 968 2843 Epistola
988 2770 1056 2823 cslce
1069 2774 1079 2835 (
1092 2791 1146 2824 non
1162 2773 1242 2845 magis

170 2855 235 2916 toti,
249 2855 322 2909 ducto
333 2866 384 2908 orst
396 2854 497 2925 vulpsts
509 2851 645 2924 scripture,
658 2858 685 2904 ei
730 2868 807 2918 quam
816 2848 940 2901 Sslutatio
948 2847 1243 2922 intingulsrumEpisto·

172 2935 238 2989 duero
245 2943 356 3005 tempure
364 2937 402 2986 nti
407 2935 526 3004 incipias.
535 2930 684 2983 Servsverst
730 2926 811 2979 lerum
829 2928 933 2991 fronte)
957 2926 1035 2998 vulgo
1058 2927 1240 3000 comparebat,

169 3027 370 3071 tstnsnsotstssn
378 3013 425 3069 scri
443 3026 524 3066 tuesrn
532 3032 598 3066 unus
606 3012 682 3065 etism
730 3017 874 3059 constanter
890 3004 984 3076 ubique
1001 3005 1028 3056 in
1053 3005 1132 3058 tribus
1150 3006 1241 3060 nocuis

172 3114 202 3149 ss
223 3093 324 3148 Gruteri
345 3034 489 3159 codicibus,
508 3103 536 3144 ut
554 3092 683 3164 profitetur
730 3087 811 3139 msstis
821 3085 948 3160 adjectum
956 3084 1056 3158 legitur,
1065 3086 1171 3159 exceptis
1180 3087 1243 3142 dus·

172 3172 223 3247 ipso
231 3171 255 3225 in
263 3169 406 3247 ilppcntlico
414 3169 682 3224 Animadversionnm:
730 3165 777 3218 bus
785 3178 827 3218 sut
836 3164 914 3219 tribus
925 3165 966 3230 (in
976 3167 1051 3218 meh.
1060 3164 1163 3238 quidem
1171 3174 1241 3236 octo)

170 3252 212 3303 ssd
225 3252 306 3305 eidem
317 3250 409 3306 deinde
419 3250 494 3303 alters
505 3246 625 3337 scripturo
636 3265 681 3298 su·
730 3243 854 3316 prioribus
873 3243 1007 3315 Epistolis;
1018 3244 1044 3296 in
1055 3245 1145 3315 quibus
1160 3266 1240 3316 quum

170 3331 317 3402 perinducts
330 3329 493 3384 cst.Verburn
507 3331 549 3380 uti
557 3344 607 3394 pem
617 3324 680 3377 olim
730 3342 788 3376 csso
808 3323 909 3395 potius,
929 3343 1005 3393 quarn
1022 3323 1143 3388 consilio,
1166 3327 1242 3380 meris

170 3408 273 3477 quidem
291 3429 305 3461 s
320 3411 421 3461 Mureto
434 3417 484 3460 erst
497 3402 622 3473 eiectum,
637 3401 680 3454 sed
729 3404 931 3477 pretermissum,
940 3423 986 3456 nos
994 3417 1023 3456 nt
1029 3403 1131 3474 reliquis
1142 3405 1241 3478 Episto-

170 3497 314 3538 revocstnm
332 3486 440 3558 ellipsin
457 3503 463 3539 t
477 3485 588 3552 incipias
600 3501 679 3545 vero,
728 3481 777 3546 lis,
795 3483 830 3535 sic
849 3495 873 3535 et
890 3482 957 3535 hisco
973 3480 1050 3553 ipsis,
1067 3481 1239 3552 adjiciendum

170 3559 197 3612 in
210 3562 372 3631 conjunctivo
383 3565 461 3616 modo
472 3601 479 3628 ,
489 3572 621 3614 tenusrsnt
631 3558 681 3612 edi·
728 3561 880 3634 putavimus.
891 3560 960 3612 idem
973 3560 1076 3613 verbum
1087 3574 1111 3613 et
1120 3561 1180 3616 huic
1189 3564 1241 3637 pri·

170 3649 235 3689 tores
247 3657 343 3689 omnes.
354 3638 381 3690 S.
392 3641 471 3693 -Ne
480 3639 681 3695 credssebmoio
729 3659 778 3695 tnae
793 3639 912 3713 Epistoloe
930 3652 954 3691 et
971 3639 1026 3692 aliis
1042 3641 1161 3695 omnibus
1179 3664 1241 3697 cou-

170 3715 321 3787 adjectivum
338 3719 466 3786 essequod
480 3717 679 3791 bonooppens-
727 3731 822 3772 stanter
843 3719 970 3790 sdjectum
988 3731 1040 3772 esst
1060 3720 1086 3772 in
1106 3720 1145 3773 ed.
1161 3721 1239 3775 Rom.

170 3805 218 3846 tur.
237 3794 312 3845 Maio
331 3793 367 3844 ibi
384 3793 533 3848 indicativus
553 3808 588 3848 est
610 3792 680 3846 serbi
729 3797 804 3848 Tere.
820 3810 844 3849 et
854 3798 919 3849 Veu.
932 3797 960 3847 ln
974 3797 1013 3848 ed.
1024 3797 1121 3849 Erasm.
1134 3799 1240 3852 nonnisi

169 3875 250 3924 mulie
265 3892 273 3925 .·
292 3885 315 3925 ct
333 3887 389 3944 post
403 3877 508 3943 incipies
523 3874 680 3947 subintelligi
729 3872 756 3925 in
774 3873 861 3947 primm
871 3887 894 3926 et
908 3874 934 3927 in
949 3886 1044 3945 quarte
1056 3874 1175 3946 Epistola
1186 3875 1240 3930 fine

170 3950 243 4002 debet
255 3970 364 4003 servare.
377 3951 470 4003 Sensus
488 3964 523 4004 est
536 3970 542 4004 ε
554 3952 617 4005 mibi
629 3953 679 4024 ism
730 3951 900 4018 desideretur,
914 3952 1017 4022 reliquis
1033 3951 1152 4005 omnibus
1165 3953 1242 4025 edie-

169 4028 306 4081 senescenti
324 4026 426 4098 paulum
442 4042 552 4100 superest
562 4030 680 4103 temporis
729 4043 796 4084 ctum
809 4029 976 4103 conspicitur,
990 4050 1004 4082 a
1022 4029 1123 4081 Mureto
1136 4030 1240 4084 demum

170 4105 210 4159 eoi
225 4125 326 4180 psrcsm
340 4121 384 4159 :tu
404 4117 486 4158 sutem
499 4107 542 4176 qui
557 4108 629 4160 flores
641 4109 680 4177 ju·
728 4109 840 4180 undiquc
857 4107 963 4183 ejectum
976 4107 1145 4178 deletumque.
1156 4108 1239 4164 Sctoe.

73 4270 167 4516 ik
