2648 4792
442 392 746 468 PRAEFATIO.
1112 405 1154 473 ab
1242 415 1249 427 '

83 538 160 601 olim
169 536 217 598 Jo.
232 535 386 618 opiam
399 556 468 599 eum
479 538 618 621 exemplo
631 536 816 601 Erasmiano
827 539 968 618 contulit,
985 556 1159 628 excerptas-

83 665 144 725 que
157 665 196 706 ex
210 642 256 704 eis
266 637 427 703 Lectiones
437 640 551 725 publici
563 643 638 723 juris
654 643 743 721 iecit,
758 644 892 728 primum
908 645 940 704 iu
955 645 1054 708 locem
1070 650 1161 713 emis-

83 749 221 810 sasiuea
233 745 373 830 Operum
383 742 505 809 Seuecae
514 748 643 811 editione
653 793 662 826 ,
674 748 872 830 qrrael’arisiis
886 770 966 812 anno
980 768 1161 816 nuxxxvn

84 854 215 938 prodiit,
230 852 302 916 Nic.
315 851 412 914 Fabri
424 855 523 916 studio
543 869 716 938 procurata.
734 854 984 937 QmesLectioues
996 857 1161 942 plurimum

85 960 175 1022 nobis
188 981 259 1023 cum
274 959 348 1021 alibi
359 960 391 1019 in
401 960 608 1023 constituendo
620 961 759 1024 editionis
772 976 880 1024 nostrae
889 964 1030 1047 exemplo
1043 965 1165 1048 proiue·

85 1080 175 1143 runt,
190 1080 257 1128 tum
270 1067 302 1126 iu
317 1058 354 1128 ei
367 1068 536 1150 praesertim
552 1068 654 1152 operis
670 1081 775 1152 parte,
791 1089 850 1150 qua
865 1069 1016 1132 desectum
1030 1090 1096 1133 esse
1111 1091 1166 1134 uo·

86 1186 183 1234 suum
200 1172 338 1236 codicem
351 1172 423 1251 Arg.
439 1173 467 1233 b.
486 1173 624 1236 diximus.
636 1171 679 1236 Et
694 1193 801 1236 omues
811 1175 932 1257 quidem
955 1175 1000 1236 illi
1014 1173 1166 1260 Opsopori

87 1280 210 1343 codices
225 1277 458 1363 probatissimas
480 1300 559 1364 serpe
580 1280 724 1343 lectiones
737 1301 799 1342 uno
820 1301 967 1344 consensu
979 1282 1066 1345 uobis
1079 1283 1166 1345 obtu-
1212 1358 1215 1363 q

86 1386 169 1457 lere3
187 1387 244 1449 sed
258 1385 311 1447 ubi
325 1385 405 1447 iuter
423 1407 456 1450 se
473 1387 700 1471 discrepabant,
713 1386 755 1449 ibi
768 1387 826 1451 fide
837 1402 869 1451 et
879 1388 1030 1472 probitate
1041 1389 1168 1472 reliquis

87 1505 232 1576 praestare
241 1492 318 1554 mibi
328 1493 499 1554 Nicotiunns
512 1493 595 1556 visus
605 1509 666 1565 est,
677 1499 716 1557 ad
729 1515 858 1575 eumque
869 1494 1007 1578 proxime
1021 1496 1165 1558 accedere

87 1599 165 1661 alter
175 1620 214 1661 ex
224 1600 379 1672 Murri,
393 1599 420 1661 is
434 1620 524 1682 quem
535 1598 709 1685 Opsopoeus
719 1601 785 1685 ipse
799 1600 913 1684 passim
924 1602 1074 1685 optimum
1083 1622 1166 1684 prse-

86 1706 219 1769 dicarit:
236 1727 330 1787 quare
344 1706 519 1784 volueram,
537 1720 570 1769 ut
584 1708 785 1788 frequentius,
804 1728 895 1789 quam
912 1707 957 1770 illi
969 1709 1066 1770 visum
1080 1721 1163 1785 erat,
1255 1685 1263 1699 ⁸

89 1812 269 1874 nominatim
280 1832 336 1874 nos
345 1813 496 1874 docuisset
506 1858 515 1886 ,
526 1813 648 1894 quinam
660 1835 695 1876 ex
704 1827 833 1895 quatuor
840 1814 993 1878 codicibus
1005 1814 1167 1879 lectionem

88 1940 241 2000 quamque
264 1918 305 1980 ab
326 1919 393 2002 ipso
414 1921 589 1981 adnotatam
612 1921 784 1994 obtulissem
801 1922 945 2003 quoniam
958 1922 990 1982 iu
1003 1923 1167 1985 lectionum

95 2027 313 2110 discrepantia,
340 2026 457 2089 caeteris
478 2028 629 2089 rationum
648 2029 811 2091 momentis
827 2028 966 2111 paribus,
983 2027 1166 2090 hauddubie

89 2154 199 2195 eorum
213 2133 352 2196 codicum
368 2133 534 2216 praevalere
547 2136 637 2198 debet
650 2135 830 2212 auctoritas,
845 2135 896 2215 qui
907 2135 1088 2215 caeteroquin
1097 2153 1169 2217 pro-

89 2240 242 2303 batissimi
258 2239 370 2302 fuerint
379 2242 536 2324 comperti.
547 2243 608 2303 Sed
618 2241 692 2304 illud
699 2243 832 2303 maxime
843 2240 941 2319 dolui,
958 2226 1169 2325 parcissimum

90 2347 218 2408 omniuo
241 2345 273 2406 iu
291 2347 448 2408 euutaudis
470 2348 608 2409 codicum
628 2367 753 2409 suorum
775 2346 955 2409 lectionibus
977 2343 1169 2431 Opsopoeum

92 2453 202 2525 luisse3
211 2453 323 2537 quippe
335 2454 401 2534 qui,
412 2473 469 2535 pro
480 2453 604 2514 illorum
615 2474 702 2517 more
713 2467 898 2536 temporum,
909 2474 971 2515 non
979 2453 1039 2515 nisi
1050 2454 1095 2515 eis
1104 2452 1169 2516 sere

93 2560 128 2621 in
141 2559 217 2623 locis
230 2561 350 2623 codices
362 2573 472 2622 msstos
483 2560 678 2643 inspexisset,
691 2574 743 2622 aut
757 2575 838 2623 certe
853 2561 897 2623 ibi
913 2561 1012 2623 solum
1023 2560 1169 2622 lectiones

91 2664 219 2726 illorum
238 2665 433 2749 protulisset,
451 2664 504 2727 ubi
522 2670 669 2729 mendosa
685 2687 720 2730 ac
738 2667 864 2729 minime
880 2666 1005 2730 serenda
1028 2667 1086 2750 ipsi
1105 2667 1168 2728 visa

91 2771 200 2833 luisset
220 2770 339 2854 vulgata
354 2772 512 2854 scriptura.
536 2770 599 2853 Qui
625 2773 651 2834 si
676 2773 803 2850 saltem,
830 2770 1170 2855 praeterErasmiaumn

93 2876 291 2960 exemplum,
316 2875 448 2957 aliquam
465 2898 482 2938 e
499 2877 706 2960 superioribus
726 2879 906 2940 editionibus
922 2879 961 2939 ad
976 2898 1101 2940 manum
1114 2877 1170 2938 ba·

91 2981 228 3060 buisset,
254 2982 433 3064 vidissetque
454 3005 546 3064 quam
564 2983 675 3046 multas
695 2984 808 3067 probas
829 2983 975 3046 lectiones
991 2983 1051 3044 illae
1071 2994 1170 3043 esseut

91 3088 259 3165 oblaturae,
287 3110 351 3170 quse
372 3110 482 3171 parum
499 3089 629 3152 feliciter
644 3090 685 3152 ab
702 3088 834 3151 Erasmo
852 3103 970 3151 mutatae
993 3101 1082 3163 suut,
1107 3106 1170 3147 nou

91 3209 273 3280 gravaturus
294 3195 400 3259 luisset
418 3199 490 3279 quin
514 3199 663 3280 ejusmodi
679 3199 788 3261 saltem
807 3200 839 3259 iu
859 3199 934 3261 locis
957 3195 1106 3259 docuisset
1122 3193 1171 3255 le-

90 3317 231 3379 ctorem,
246 3323 377 3384 quanam
392 3324 410 3364 a
423 3317 509 3386 parte
522 3304 568 3366 sni
578 3305 698 3368 codices
708 3319 830 3369 starent.

135 3407 197 3469 lsta
212 3405 361 3491 Opsopoei
379 3409 412 3469 in
428 3408 619 3491 proferendis
641 3411 780 3472 codicum
806 3432 931 3473 suorum
958 3409 1166 3490 parcimonia,

92 3537 189 3597 quum
204 3515 374 3598 suspicarer
388 3527 490 3577 extare
502 3515 630 3577 sortasse
645 3516 737 3578 etiam
750 3515 841 3578 bodie
854 3516 885 3577 iu
899 3515 1048 3597 imperiali
1061 3517 1170 3577 Biblio-

93 3625 179 3684 steca
192 3622 355 3683 Parisiensi
367 3621 530 3683 nonnullos
544 3643 579 3684 ex
595 3623 709 3685 eisdem
724 3622 895 3698 codicibus,
914 3622 1022 3702 quibus
1035 3622 1087 3685 ille
1098 3645 1171 3684 usus

94 3743 175 3792 esset
187 3774 196 3803 ,
206 3728 389 3791 desiderium
401 3728 477 3789 mihi
491 3729 594 3811 injecit
608 3729 801 3813 experiundi,
817 3750 856 3790 an
869 3729 1043 3792 uberiorem
1060 3751 1170 3810 quarn-

94 3839 167 3898 dam
190 3835 314 3896 illorum
331 3834 526 3897 collationem
548 3835 679 3900 nancisci
697 3855 828 3917 possem.
848 3834 952 3916 ltaque
974 3858 1066 3916 quum
1082 3836 1113 3897 in
1133 3858 1170 3898 eo

93 4067 121 4106 et
132 4053 240 4106 omnino
252 4071 376 4125 perpauca
383 4071 412 4104 ex
421 4053 539 4106 omuibus
548 4054 659 4106 enotavit
668 4092 676 4121 ,
685 4053 748 4105 nibil
760 4054 829 4107 aliutl
839 4093 846 4121 ,
859 4055 907 4107 nisi
915 4054 965 4107 boc
973 4054 999 4105 in
1009 4053 1170 4118 universum,

94 4158 198 4214 murum
207 4138 372 4210 pronuntiare
381 4174 389 4203 ,
403 4139 507 4210 probam
522 4158 575 4191 esse
584 4158 629 4204 ,ac
638 4137 727 4190 merito
735 4138 828 4191 deiude
837 4160 852 4192 a
862 4140 964 4192 Mureto
972 4151 1109 4212 receptam,
1120 4158 1172 4190 ma·

92 4215 176 4286 iorem
189 4236 286 4295 partem
299 4223 435 4277 lectionum
448 4262 456 4291 ,
468 4243 529 4294 quas
540 4245 569 4278 ex
584 4221 633 4275 illis
644 4223 772 4278 codicibus
786 4224 930 4280 Pincianus
942 4224 1171 4277 commendaverat.
