2648 4792
409 353 683 428 EPISTOLA
706 359 780 428 111.
1088 369 1132 435 53

61 507 175 552 omnes
188 479 389 552 candidatos
403 485 504 552 bonos
518 488 624 553 νίνοει
641 484 807 574 dicimus,
821 490 991 581 quomodo
1004 492 1132 575 obvios,

60 602 86 668 si
105 624 231 668 nomen
249 623 317 666 nou
330 602 534 684 succurrit¹,
556 604 704 672 dominos
721 601 937 675 salutamus³.
956 611 1027 677 Huc
1043 609 1137 678 ubie-
1166 628 1181 662 ²

60 712 125 785 rit⁴
140 714 149 783 i
171 716 242 786 sed
254 717 282 784 si
295 717 444 808 aliquem
459 723 600 786 omnum
614 722 783 789 existimus
794 713 822 807 ⁵,
840 724 896 791 cui
911 748 980 792 nou
991 741 1139 794 tuntum-

60 834 136 901 dem
157 831 293 915 credis,
319 849 483 924 quantum
506 832 586 915 tibi,
618 835 838 906 vehementer
865 862 980 923 erras,
1009 857 1043 908 et
1069 865 1138 909 nou

60 949 139 1015 satis
149 947 239 1015 nosti
251 947 322 1018 vim
337 969 424 1014 verae
435 947 605 1017 amicitiae.
620 949 677 1017 Tu
689 943 792 1019 πετο6
809 953 924 1020 omnia
939 976 1017 1022 cum
1030 955 1139 1022 omino

61 1161 101 1233 qui
113 1162 142 1214 in
153 1161 254 1215 Senatu
267 1161 433 1216 csudidetutn
446 1162 576 1235 produce-
625 1165 669 1220 itt·
680 1165 752 1219 mibi.
763 1188 776 1214 ι
784 1166 856 1221 ldeut
868 1185 875 1221 :
886 1191 900 1216 s
909 1169 974 1223 Cum
985 1181 1009 1224 te
1020 1189 1073 1223 uon
1081 1189 1140 1224 uos·

60 1253 108 1305 ret,
122 1239 225 1294 bonurn
233 1261 294 1295 euru
306 1241 348 1293 vel
357 1240 481 1314 optimum
490 1242 575 1294 virum
623 1242 830 1309 sem,dnntinunr
839 1266 974 1320 regemque
984 1247 1114 1302 vorsbsm.
1124 1271 1139 1297 r·

61 1318 162 1373 diceret.
174 1319 256 1391 Cujus
272 1319 379 1391 quidem
393 1319 431 1373 rei
440 1319 575 1392 vestigium
623 1322 754 1377 Muretus.
1059 1364 1063 1371 -

61 1409 161 1468 apparet
179 1399 209 1450 iu
224 1398 305 1451 Plinii
319 1398 523 1471 Panegyricos«
536 1400 575 1452 ft·
658 1403 682 1467 4.
701 1401 762 1454 Hac
779 1403 892 1457 adserit!
915 1404 958 1458 Sic
978 1418 1045 1460 recte
1057 1406 1139 1459 nostri

61 1477 143 1531 ciebas
155 1497 218 1549 ergo
231 1497 311 1548 quum
324 1475 419 1530 diceres
431 1475 547 1550 optimos.
560 1497 575 1524 ι
624 1499 684 1532 mss.
693 1500 720 1532 u.
728 1493 752 1533 et
761 1480 785 1533 d.
794 1501 851 1533 turn
863 1483 956 1550 Ampi-
966 1494 991 1535 et
999 1483 1055 1536 eliis
1066 1483 1135 1557 spud

61 1554 185 1608 Gruterus
200 1555 251 1609 buc
265 1555 343 1610 trabit
360 1555 442 1609 Cicer.
455 1554 487 1606 de
504 1555 575 1608 Oret.
625 1557 700 1610 Grut
713 1570 737 1609 et
748 1558 842 1631 Opsop.
855 1559 984 1630 quomodo
995 1559 1137 1635 legendum

60 1633 99 1700 li,
110 1633 154 1700 64,
167 1633 315 1700 Dominus,
328 1633 433 1688 honoris
445 1653 537 1700 ceute,
549 1648 579 1688 ut
626 1635 859 1706 jamoiimbiodius
869 1637 980 1704 videret,
992 1659 1072 1710 quum
1079 1640 1140 1693 Hoc

61 1713 124 1787 spud
140 1713 313 1768 recentiora:
327 1713 410 1778 Hm,
432 1713 578 1782 Mnmieur,
626 1716 721 1767 abierit
732 1715 850 1769 edidisset
863 1717 998 1782 Erssruus,
1012 1719 1079 1791 quod
1092 1718 1140 1773 hs·

61 1793 110 1846 Sir.
128 1797 203 1869 Soepe
224 1806 308 1847 sutem
324 1793 401 1863 huius
414 1793 512 1856 moris,
525 1812 579 1846 non
627 1790 670 1843 bet
684 1792 751 1844 Par.
767 1812 794 1844 a.
813 1807 836 1845 et
856 1814 944 1848 ornnes
962 1808 1020 1849 ente
1038 1816 1084 1849 noe
1102 1810 1140 1850 te·

62 1870 141 1924 tolum
163 1871 360 1938 honoratiores,
380 1872 575 1942 parentes,ira-
628 1889 705 1923 nuere
723 1869 839 1924 editores.
859 1872 982 1926 Vitiosius
999 1872 1142 1926 bocnberit

63 1952 161 2015 nant.
171 1949 253 2020 Epist.
266 1964 321 2012 ctv,
334 1951 377 2016 r),
391 1949 434 2002 sed
446 1948 520 2001 etism
535 1948 577 2001 nb
627 1957 663 1998 e'st
674 1947 862 2016 inargm’ar
874 1951 930 2004 td.
939 1951 1011 2004 eted.
1020 1951 1140 2005 A-Desi-

65 2029 115 2081 tios
132 2047 264 2100 quosque,
281 2047 387 2095 quorum
409 2045 506 2079 nornen
522 2046 576 2078 nou
625 2024 777 2079 docebantur
789 2039 873 2080 sutem
886 2029 943 2082 dure
957 2029 1010 2082 istst
1028 2026 1139 2081 vocesin

64 2104 144 2157 statim
161 2116 332 2169 succurreret,
344 2103 393 2156 boe
409 2103 482 2156 tituto
501 2122 577 2155 eont-
625 2103 897 2157 suttomsrareven.
908 2119 932 2158 et
941 2107 1138 2171 tironense,

64 2184 173 2258 peiiendi
185 2220 193 2247 ,
205 2182 303 2235 tuentio
323 2181 435 2252 injicitur
449 2180 518 2253 spud
531 2200 576 2232 ve·
624 2181 653 2233 id
670 2194 719 2247 est,
732 2182 870 2248 tacimus,
891 2183 940 2236 hee
958 2184 1016 2249 via,
1031 2185 1079 2238 tac
1093 2203 1140 2237 m-

64 2273 131 2314 tetes.
141 2262 182 2314 Ci-
194 2260 301 2312 Sueton.
309 2262 376 2331 Aug.
387 2258 419 2310 53
429 2271 481 2311 not
492 2257 573 2310 Tacit.
624 2262 700 2312 trime.
718 2259 746 2312 S.
758 2288 791 2299 -
800 2259 894 2313 Sensus
909 2259 1002 2334 probus
1013 2273 1064 2323 est,
1085 2261 1137 2314 sive

64 2342 155 2394 bonai.
176 2341 217 2405 ΙΙ,
237 2339 278 2408 87·
297 2358 355 2392 tum
373 2339 476 2391 Ercurs.
496 2336 575 2410 Lipsii
624 2336 951 2392 tantumtanturn
961 2337 1036 2393 codd.
1044 2352 1069 2391 et
1080 2340 1136 2393 edd.

64 2419 201 2473 REadem
214 2418 312 2471 ratione
323 2416 458 2469 utebantur
470 2416 497 2468 in
513 2436 575 2467 tnu-
623 2413 693 2488 legas
710 2432 717 2466 τ
735 2416 783 2469 hoe
806 2416 885 2471 modo
909 2417 1020 2470 exeussri
1040 2417 1137 2471 dietum

64 2496 575 2571 lieribusismindendeciruoquertoaetr·
623 2506 696 2546 tuunt
709 2505 801 2566 potest,
822 2493 962 2565 explicante
983 2496 1026 2548 Fr.
1044 2496 1135 2550 Modio

63 2581 92 2632 t‘u
103 2599 182 2633 anno.
195 2578 263 2631 Vide
273 2576 381 2650 Epicteti
392 2575 507 2629 Monuni,
517 2589 574 2628 cxc.
622 2572 671 2644 Ep.
682 2586 720 2632 11,
731 2573 798 2624 Nov.
813 2571 869 2624 ieet.
883 2591 958 2642 quern
971 2572 1070 2627 Gruter.
1083 2573 1136 2626 ltu·

64 2658 121 2710 edit.
134 2655 334 2730 Schweigboeus.
349 2655 393 2708 ubi
409 2654 505 2727 Uptoni
522 2673 575 2705 no·
622 2649 675 2701 dat.
684 2648 777 2701 Abesse
789 2663 874 2702 tamen
888 2650 956 2704 bsud
971 2651 1035 2704 bene
1044 2665 1134 2724 potest,

63 2750 92 2790 tae
104 2735 198 2801 (Tout.
213 2734 267 2798 111,
280 2754 304 2807 p.
320 2733 366 2786 163
377 2733 510 2804 Epictetete
518 2730 575 2783 Phi·
624 2727 741 2798 quamvis
761 2728 835 2781 codd.
857 2728 978 2783 nonnulii
992 2731 1136 2784 concinant.

62 2815 107 2869 los.
128 2813 261 2878 Mortuus.)
278 2811 377 2864 :eddt's
396 2808 533 2876 Spanbenr.
546 2807 577 2860 de
626 2807 739 2858 Gronov.
753 2818 824 2859 toute
843 2808 1002 2863 emendavit:
1021 2810 1071 2863 nie
1083 2813 1136 2876 (se.

62 2893 116 2946 Usu
124 2904 150 2944 et
159 2893 189 2944 P.
197 2890 233 2943 N.
241 2890 315 2942 Tum.
325 2888 350 2939 11
359 2925 366 2952 ,
376 2909 400 2962 p.
408 2887 465 2954 487.
475 2886 577 2938 Petrou.
626 2884 721 2936 tuticus
733 2886 801 2950 tuus)
813 2884 918 2938 obierit:
933 2887 964 2939 de
977 2906 1004 2940 re
1016 2927 1024 2953 ,
1039 2906 1092 2940 uon
1104 2887 1136 2939 de

61 2991 82 3024 e.
95 2970 141 3034 52,
155 2989 181 3041 p.
193 2966 249 3020 3³0.
260 2965 403 3018 Rursusne.
414 2963 504 3017 lintis.
626 2961 730 3015 bomine
744 2962 839 3034 ioqnsr
857 2976 955 3031 tecum,
967 2964 995 3018 iu
1007 2964 1071 3017 thesi
1082 2985 1136 3016 non

96 3065 117 3100 t.
137 3046 231 3099 Bonos
247 3046 326 3097 viror.
345 3041 376 3092 V
373 3045 427 3096 irus
436 3045 517 3094 bonos
529 3060 576 3093 ms.
627 3039 655 3091 in
666 3039 808 3114 hypothesi.
820 3043 855 3094 ts
866 3042 967 3117 vulgrts
977 3043 1043 3096 bene
1052 3040 1136 3094 bebet.

59 3141 81 3176 c.
93 3134 119 3176 et
132 3122 175 3174 ed.
185 3121 221 3172 A.
232 3119 314 3174 Sclsv.
626 3118 829 3171 Rutu-vertit
840 3117 996 3191 lapange:
1006 3117 1136 3170 laterone

93 3221 119 3256 ι.
135 3200 278 3267 Sutwm't,
293 3197 411 3251 Occurrit
422 3216 466 3248 tus.
482 3217 503 3250 c.
516 3216 575 3249 curu
623 3198 649 3248 Ie
658 3207 714 3249 mot
725 3207 750 3249 et
758 3201 868 3264 pontons
880 3200 913 3251 de
925 3200 953 3250 la
967 3198 1052 3251 chose.

61 3281 103 3334 ed.
116 3281 153 3333 A.
164 3277 249 3331 Scbw.
656 3277 680 3326 ⁵.
696 3274 821 3328 Amicum
837 3279 990 3330 existimas·
1001 3274 1076 3327 Prior
1087 3295 1136 3328 vor

95 3356 121 3408 3.
138 3355 270 3409 Dammae
293 3355 450 3406 seriumne.
478 3352 574 3406 Usitsto
623 3352 693 3403 deest
705 3371 750 3403 ms.
763 3371 786 3405 c.
798 3365 822 3403 et
834 3353 873 3404 ed.
883 3352 919 3405 A.
929 3364 982 3404 tutu
998 3356 1135 3406 existimes

61 3437 113 3506 jem
124 3447 186 3487 tuuc
197 3440 252 3486 eret
261 3431 307 3484 itts
318 3431 473 3484 consuetudo
484 3431 574 3483 Domi·
624 3428 741 3482 scribitur
756 3429 783 3480 iu
795 3429 883 3481 erdem
893 3428 976 3480 etA.
986 3431 1134 3503 sedvulga-

63 3534 110 3567 uos
118 3509 241 3572 vocandi,
251 3529 314 3581 quos
326 3507 450 3574 coierent,
463 3519 575 3579 sutquo·
624 3517 678 3557 tum
690 3519 756 3558 recte
767 3518 853 3558 teuent
863 3504 908 3557 atii
919 3505 979 3558 libri
988 3527 1084 3561 omna.
1098 3509 1128 3562 S.

61 3611 119 3644 rum
128 3587 484 3642 nominenonsuccurrerent
494 3586 575 3657 quue
657 3584 681 3637 b
704 3583 745 3635 Tu
762 3603 830 3636 vero.
848 3586 915 3636 Ante
934 3583 1010 3637 verba
1030 3585 1071 3637 Tu
1086 3607 1136 3640 ve-

63 3668 217 3741 poteutiores
235 3662 394 3726 smbiebtut,
411 3677 438 3716 ut
449 3664 576 3717 dominia
625 3683 668 3727 ro,
685 3676 731 3714 etc.
750 3661 843 3715 inserte
860 3663 922 3714 oiint
939 3663 993 3718 bec
1005 3664 1083 3738 vulgo
1095 3667 1136 3718 le-

64 3728 223 3796 tenuioribnb
231 3754 379 3794 vocarentur
386 3753 409 3792 et
417 3741 465 3792 nisi
474 3741 501 3793 id
511 3743 576 3793 foret
624 3741 758 3813 gebnntur,
766 3740 836 3793 Erat
846 3752 870 3793 et
879 3744 923 3794 itte
932 3747 979 3813 qui
986 3748 1099 3796 amicum
1108 3748 1136 3797 in

66 3822 171 3875 moleste
187 3819 308 3872 serebant
324 3817 461 3872 tttsrtiatis:
472 3842 485 3867 n
497 3819 575 3872 Mene
625 3825 693 3873 atriu
705 3823 838 3888 quarte...
853 3821 945 3891 quibus
959 3825 1077 3890 ipsenon
1088 3834 1136 3876 est.

65 3899 173 3953 ulutavi
190 3918 251 3950 vero
263 3911 287 3950 te
300 3896 419 3962 nomine,
433 3915 490 3950 essu
501 3915 509 3950 t
521 3898 576 3950 Nee
625 3897 729 3952 Sriiicet
739 3910 767 3948 ut
776 3894 834 3963 itta,
848 3898 980 3969 dequibus
993 3898 1068 3971 paulo
1078 3910 1137 3950 aute

65 3976 118 4030 diri
137 3975 290 4040 dominum,
315 3974 460 4041 Cotidiano,
481 3995 576 4027 meum.
641 3973 1027 4047 sdEpist11,fin.§5,dictum
1038 3977 1138 4042 est,sie

65 4053 164 4123 Quanti
185 4053 286 4107 libertas
307 4066 401 4108 constet
423 4053 487 4107 mibi
507 4064 576 4106 tanta
644 4053 720 4107 ,thee
732 4051 835 4106 siiunde
846 4058 949 4127 (nempe
957 4075 986 4106 ex
995 4055 1137 4126 Epistxtx,

64 4134 188 4206 requiis:
199 4133 308 4188 Centum
315 4134 466 4205 quadrantes
473 4133 576 4186 rbstulit
651 4132 679 4191 bi
688 4145 712 4186 et
724 4131 781 4186 libri
800 4151 890 4187 omnes
904 4133 992 4187 etdetn
1004 4130 1139 4196 exhibent)
